2508 3978
1145 107 1378 147 -86-

319 224 467 274 Haec
505 224 711 274 dicente
752 225 887 292 Dec,
930 215 1093 273 nubes
1131 224 1330 289 fugere,
1361 226 1639 290 Notusque

319 311 532 363 Occidit
569 322 622 362 et
660 312 842 377 pulsus
881 311 1035 362 claris
1073 312 1429 378 Aquilonibus
1465 314 1679 367 Auster.

322 401 433 450 Iam
473 401 680 450 Taurus
719 400 843 466 iuga
883 400 1101 451 tollebat
1139 402 1396 452 deformia
1433 401 1586 462 limo;

324 490 521 539 Lentus
559 499 612 538 et
650 506 716 539 ex
752 488 873 539 altis
910 489 1143 539 stillabat
1178 490 1455 541 frondibus
1490 491 1698 541 humor.

324 576 677 642 Semisepulta
717 577 851 628 inter
887 578 1129 628 cumulos
1167 578 1432 630 humentis
1470 596 1660 630 arenae

325 666 566 731 Corpora
602 666 870 716 siccabant
908 684 1083 726 aurae,
1127 667 1428 734 passimque
1467 669 1693 719 abeunte

327 754 570 820 Rupibus
609 755 660 806 in
698 756 919 806 summis
959 757 1246 808 haerebant
1283 774 1514 823 aequore
1550 758 1799 813 conchae.

330 845 442 894 Iam
482 844 625 894 claro
664 844 884 895 rutilans
922 845 1145 896 ardebat
1181 845 1379 897 lumine
1418 847 1682 906 PhoebuS,

332 933 770 999 Monstrabatque
809 934 993 999 procul
1032 933 1283 985 discussis
1321 935 1549 986 nubibus
1588 935 1754 994 Idam,

332 1021 590 1072 Turribus
628 1039 693 1072 ex
731 1022 851 1072 altis
888 1023 1117 1087 primum
1159 1023 1351 1074 Titana
1388 1023 1674 1078 videntem.

335 1109 604 1175 Riphaeas
644 1127 790 1160 arces
831 1111 1043 1176 Lyciae,
1085 1111 1418 1178 Cilicumque
1456 1113 1697 1178 superbis

333 1198 638 1264 Aggeribus
678 1200 892 1260 fronteS,
932 1199 1116 1250 Athon
1155 1209 1209 1250 et
1249 1201 1568 1267 Rhodopeia
1605 1219 1751 1260 saxa,

336 1288 405 1337 Et
445 1287 628 1338 Casias
667 1288 852 1349 moleS,
892 1288 1180 1354 magnique
1218 1306 1468 1340 cacumen
1509 1290 1745 1355 Olympi,

336 1378 517 1442 Atque
561 1377 859 1441 Pyrenaeos
898 1377 1090 1442 apices,
1132 1379 1494 1444 Athlantaque
1532 1396 1803 1445 magnum.

339 1466 419 1515 Ex
458 1465 564 1516 alta
603 1465 778 1516 senior
815 1466 1030 1531 specula
1067 1477 1228 1532 caput
1265 1467 1453 1518 extulit
1489 1468 1684 1528 album,

342 1554 714 1619 Telluremque
753 1554 972 1606 videns:
1017 1555 1175 1606 Salve
1214 1557 1561 1617 sanctissima,
1603 1557 1751 1617 dixit,

343 1645 509 1693 Terra
547 1643 838 1703 hominum,
879 1645 1254 1710 pecudumque
1291 1663 1498 1711 parens,
1539 1646 1901 1711 saecundaque
1939 1643 2127 1702 nutrix,

345 1732 498 1797 Quae
535 1732 747 1798 frugum
787 1749 956 1798 genus
995 1750 1153 1783 omne
1191 1734 1349 1798 paris,
1389 1751 1526 1800 quae
1565 1734 1784 1784 vulnera
1820 1743 1973 1798 tergo

347 1820 555 1871 Infinita
593 1820 684 1886 pio
724 1821 935 1886 pateris,
977 1839 1084 1887 quo
1122 1822 1349 1888 pignora
1387 1839 1589 1887 pascas.

348 1909 430 1959 Tu
471 1910 686 1975 rapidos
723 1910 891 1975 igneS,
933 1910 1298 1977 elementaque
1335 1921 1542 1962 caetera
1579 1912 1685 1961 fixo

352 1999 560 2059 Limite,
603 2008 658 2049 tu
698 1999 877 2050 coelos
915 2000 1050 2050 sicut
1087 2000 1266 2066 gravis
1306 2002 1537 2051 anchora
1575 2017 1781 2066 puppes

352 2089 670 2139 Inconcussa
708 2098 870 2148 teneS,
912 2089 1138 2154 pedibus
1177 2100 1267 2140 tua
1306 2090 1455 2140 mitia
1493 2089 1685 2140 nostris

354 2178 576 2228 Pectora
614 2178 906 2228 substernis
945 2179 1184 2244 gaudens
1223 2189 1276 2229 et
1313 2189 1517 2229 moesta
1554 2178 1734 2244 capaci

355 2266 597 2316 Membra
635 2266 752 2316 sinu
791 2267 1038 2317 defuncta
1077 2268 1238 2327 foveS‚
1280 2267 1490 2327 siccare,
1533 2277 1785 2331 tuamque

355 2355 555 2420 Accipe
591 2355 918 2421 progeniem,
960 2357 1136 2421 pelagi
1177 2366 1257 2407 tot
1294 2355 1502 2407 casibus
1547 2365 1736 2415 actam,

361 2445 655 2510 Longaque
693 2461 999 2510 perpessam
1040 2445 1279 2511 angustis
1318 2445 1659 2496 incommoda
1695 2444 1863 2494 tectis.

621 2533 916 2598 (Quomodo
954 2535 1068 2584 Noe
1107 2534 1312 2584 tandem
1350 2551 1423 2583 ex
1460 2551 1586 2583 arca
1623 2547 1863 2598 egressus
1898 2533 2011 2594 est).

514 2625 662 2673 Haec
701 2623 775 2674 ait
811 2634 864 2674 et
902 2641 1110 2689 pressas
1147 2624 1312 2674 valles
1350 2624 1664 2689 speculatuS,
1707 2637 1937 2687 aquosos

366 2711 513 2760 Vidit
551 2711 726 2761 adhuc
764 2729 998 2778 camp05‚
1039 2706 1364 2777 nebulasque
1402 2729 1578 2762 errare
1617 2710 1864 2760 cadentes

366 2802 513 2850 Arva
550 2818 661 2866 per,
701 2812 754 2851 et
791 2801 936 2852 lento
974 2801 1169 2851 circum
1211 2801 1337 2866 iuga
1375 2817 1587 2865 serpere
1624 2815 1825 2864 gressu,

367 2884 438 2938 Et
476 2906 646 2955 prono
686 2899 866 2956 petere
908 2889 1013 2940 ima
1051 2891 1239 2955 gradu,
1281 2889 1645 2955 Zephyrisque
1683 2886 1852 2951 fugari

372 2978 602 3028 Lenibus
643 2987 695 3028 et
733 2978 927 3029 sensim
968 2980 1108 3029 notis
1148 2996 1242 3029 sua
1281 2978 1497 3029 flumina
1536 2977 1663 3042 ripis

374 3066 600 3117 Restitui
639 3077 692 3117 et
728 3084 940 3132 pressos
979 3085 1074 3118 sua
1111 3068 1290 3118 littora
1329 3083 1581 3134 quaerere
1620 3066 1825 3115 fluctus.

373 3156 509 3205 Tum
551 3166 700 3219 pater
739 3156 980 3221 ingentes
1020 3166 1180 3222 rupto
1218 3156 1317 3207 sibi
1357 3155 1523 3206 limite
1562 3163 1744 3220 portas

376 3244 619 3294 Oceanus
659 3244 795 3304 feeit,
838 3262 932 3310 per
969 3262 1102 3311 quas
1141 3245 1217 3295 ire
1256 3255 1417 3310 atque
1455 3243 1644 3294 reverti

380 3333 566 3382 Posset
604 3342 658 3382 et
696 3332 919 3398 imperio
960 3335 1143 3384 Lunae
1180 3334 1285 3384 labi
1326 3342 1484 3398 atque
1523 3331 1686 3382 relabi

385 3419 618 3469 Motibus
658 3420 886 3481 alterniS‚
929 3421 1237 3487 mediasque
1277 3420 1503 3472 revisere
1541 3429 1739 3470 terras:

385 3508 429 3555 T
435 3525 533 3557 unc
571 3508 734 3574 gelidi
774 3510 918 3560 sinus
958 3510 1166 3570 Euxini,
1208 3520 1332 3561 tunc
1371 3510 1478 3560 alta
1518 3506 1818 3574 Propontis,

387 3595 701 3662 Ioniumque
739 3599 946 3658 fretum,
987 3600 1161 3666 longis
1198 3599 1344 3665 quod
1383 3598 1628 3649 fluctibus
1667 3596 1831 3645 altum

389 3684 565 3735 Currit
602 3686 671 3735 ad
710 3686 998 3747 Atlantem,
1041 3688 1224 3738 solidis
1262 3698 1374 3738 tum
1415 3686 1609 3752 Caspia
1646 3683 1773 3748 ripis
