2508 3978
1189 120 1423 169 *7⁶-

356 238 572 304 Oraque
611 239 923 304 blasphemo
960 237 1150 288 feriant
1185 237 1365 289 inflata
1405 247 1628 286 tumore.

356 326 520 376 Parce
557 326 674 376 rudi
715 326 916 391 populo
954 325 1215 375 maiorum
1254 324 1498 390 exempla
1535 323 1795 389 sequenti,

355 415 734 480 Imbellemque
772 430 985 464 manum
1025 413 1187 474 salva,
1227 413 1318 477 qui
1356 422 1533 464 cetera
1569 413 1759 464 salvas,

354 502 501 568 Quid
539 519 779 554 meruere
816 503 1045 569 greges?
1083 511 1359 567 pastorum
1396 500 1597 553 incuria
1624 502 1831 552 damno
1871 511 1966 556 est.

354 592 526 642 Cerne
562 592 890 642 laborantem
929 592 1063 641 freta
1098 598 1197 656 pe'r
1233 589 1474 641 salientia
1509 591 1779 655 cymbam,

354 681 424 730 Et
462 679 667 731 miseris
705 680 782 731 fer
819 697 976 746 opem
1017 679 1208 740 nautis„
1248 688 1580 745 pontumque
1616 679 1877 730 furentem

352 769 556 830 Sterne‚
597 769 705 820 suis
744 770 938 820 manda
975 777 1163 820 ventos
1200 768 1333 834 liget
1370 767 1572 838 Aeolus
1609 767 1790 822 antris,

353 858 562 909 Fatales
600 868 889 924 properant
926 856 1065 918 anni,
1106 856 1398 923 noviesque
1435 856 1619 907 voluta

352 948 478 997 Fert
513 947 642 997 alias
681 948 828 1012 leges
866 956 1088 997 centeno
1127 945 1371 996 machina
1408 962 1582 996 cursu.

351 1037 465 1086 Nec
506 1037 651 1086 Deus
690 1037 786 1086 has
824 1035 929 1085 labi
970 1051 1248 1085 aerumnas
1287 1034 1594 1100 prohibebit
1630 1034 1698 1084 ab
1736 1033 1910 1084 astris,

350 1124 585 1190 Tempus
624 1124 791 1184 adest,
832 1124 979 1190 quod
1017 1123 1123 1173 iam
1160 1122 1369 1174 venturi
1407 1122 1645 1188 praescia
1681 1132 1864 1173 vatum

350 1213 587 1272 Pectora,
627 1212 871 1263 fatidicae
908 1213 1056 1277 quod
1094 1211 1404 1277 praedixere
1443 1210 1705 1276 Sibyllae:

347 1300 611 1366 Corripite
648 1318 795 1351 arma
833 1300 930 1351 viri
970 1301 1187 1361 dextriS,
1227 1300 1511 1365 laevasque
1550 1298 1757 1350 reflexis

349 1391 606 1441 Insertate
646 1407 832 1440 manus
871 1390 1088 1455 clypeiS,
1130 1390 1277 1439 Deus
1315 1388 1430 1439 odit
1469 1388 1680 1439 inertes,

349 1481 487 1530 Ecce
524 1479 710 1545 procul
748 1479 915 1529 denso
954 1478 1208 1544 nigrescit
1245 1479 1463 1544 pulvere
1506 1477 1731 1538 coelum,

348 1569 708 1634 Sublataeque
746 1569 889 1618 leves
929 1567 1094 1618 nimbi
1134 1568 1392 1618 tolluntur
1428 1584 1637 1618 arenae.

346 1656 625 1722 Accipient
662 1657 840 1707 fuscae
875 1656 1054 1707 caedis
1091 1673 1224 1706 cava
1259 1656 1477 1706 flumina
1517 1655 1676 1717 riVOS,

349 1746 639 1812 Rubraque
677 1745 990 1811 pampineos·
1029 1743 1322 1795 imitabitur
1360 1745 1503 1794 unda
1541 1745 1789 1810 liquores.

350 1835 471 1885 Non
511 1834 675 1900 igitur
712 1834 906 1884 frustra
943 1833 1090 1884 diros
1129 1833 1317 1884 ardere
1355 1842 1590 1884 cometas

346 1924 591 1974 Vidimus
629 1932 682 1974 et
721 1923 899 1975 medio
939 1922 1216 1973 Phoebum
1254 1922 1542 1988 pallescere
1580 1922 1749 1981 coelo,

349 2013 735 2078 Defectumque
773 2012 900 2078 pati,
942 2011 1202 2077 nigraque
1241 2011 1294 2061 in
1334 2021 1480 2061 veste
1519 2027 1757 2062 sororem

348 2102 491 2151 Inter
528 2110 815 2151 nocturnos
854 2100 1006 2165 ignes
1045 2099 1289 2150 incedere
1327 2109 1604 2149 moestam.

346 2191 583 2256 Tempus
621 2190 721 2240 erit
760 2189 939 2239 Parcis
976 2189 1173 2239 celeres
1211 2187 1632 2254 glomerantibus
1671 2203 1854 2248 annOS,

346 2277 481 2327 Cum
522 2278 711 2328 mediis
749 2278 922 2328 fossor
959 2277 1164 2342 campis
1204 2276 1391 2328 tellure
1435 2277 1656 2327 subacta

347 2368 600 2434 Inveniet,
637 2376 909 2433 conosque
946 2377 1121 2418 truces
1159 2376 1212 2418 et
1250 2367 1394 2417 nuda
1431 2365 1667 2417 virorum

345 2457 499 2515 Ossa,
540 2473 838 2522 gravesque
876 2457 991 2507 solo
1028 2456 1227 2521 galeaS‚
1269 2471 1528 2521 ensesque
1565 2455 1819 2519 sepultOS,

343 2546 615 2611 Armaque
653 2555 834 2596 nostra
871 2562 970 2596 suo
1009 2562 1116 2595 non
1154 2543 1521 2595 convenientia
1559 2543 1751 2603 saeclo,

344 2635 524 2700 Atque
563 2634 871 2685 immutatos
909 2650 1084 2684 rerum
1124 2632 1404 2683 mirabitur
1441 2648 1587 2686 usus,

346 2724 494 2773 Haec
533 2732 835 2788 properant,
877 2722 1185 2788 dictumque
1224 2721 1356 2772 fides
1394 2737 1500 2770 non
1538 2737 1655 2771 sera
1693 2728 1960 2785 sequetur.

344 2812 453 2862 Sed
490 2812 710 2872 steriles,
752 2811 1068 2877 gelidaeque
1107 2810 1315 2860 animae
1353 2826 1487 2876 quas
1525 2809 1695 2860 imbre
1734 2810 1986 2874 Megaera

345 2902 580 2951 Lethaeo
619 2917 905 2966 aspergens
944 2899 1128 2966 requie
1165 2898 1362 2965 sopivit
1401 2898 1553 2949 inerti

343 2990 717 3049 Contemnunt,
760 2988 1050 3055 tepidoque
1089 2989 1306 3039 trahunt
1343 3004 1528 3038 secura
1567 2986 1726 3037 cubili

344 3079 486 3136 Otia,
527 3087 812 3129 tractantes
850 3078 1006 3128 lautis
1032 3077 1275 3128 convivia
1301 3077 1514 3131 mensiS.

799 3168 1046 3233 (Excitat
1079 3168 1154 3217 ad
1182 3167 1436 3231 fiduciam
1475 3169 1532 3216 in
1572 3168 1790 3232 Deum).

492 3256 687 3306 Nubila
727 3273 874 3306 mens
913 3256 1205 3316 hominum,
1246 3255 1510 3321 sortisque
1550 3255 1734 3320 ignara
1773 3255 1995 3314 futurae,

343 3347 595 3396 Terretur
632 3345 782 3395 vanis
820 3354 874 3395 et
911 3362 1038 3395 vera
1075 3344 1308 3409 pericula
1346 3345 1500 3395 ridet.

344 3436 464 3485 Non
504 3444 680 3485 tamen
718 3433 819 3484 ista
858 3434 1031 3485 minus
1070 3443 1372 3500 properant,
1414 3433 1684 3484 incredula
1723 3449 1922 3498 poenas

343 3523 521 3572 Turba
559 3521 724 3582 dabit,
766 3521 1012 3588 curisque
1051 3522 1197 3572 brevi
1238 3522 1473 3572 tabescet
1511 3521 1722 3572 amaris,

341 3613 414 3661 At
453 3611 495 3661 si
537 3621 714 3662 tantus
752 3627 903 3662 amor
942 3611 1225 3677 Superum,
1266 3610 1311 3661 si
1357 3620 1503 3662 tanta
1541 3621 1779 3662 moveret

342 3699 519 3751 Corda
557 3700 728 3750 virfim
769 3700 954 3765 pietaS‚
996 3699 1185 3750 studiis
1222 3700 1266 3750 si
1307 3699 1500 3749 talibus
1539 3708 1679 3749 artes
