2508 3978
1112 95 1348 146 -63-

279 215 612 280 Divinosque
650 213 750 265 sibi
789 214 978 274 cultuS‚
1020 230 1279 278 curasque
1316 230 1505 278 parare
1556 243 1561 247 ·

277 303 497 354 Artibus
535 302 619 354 his
657 302 860 363 solitae,
900 303 1083 353 turbas
1120 310 1175 352 et
1212 301 1426 352 credula
1469 302 1615 368 vulgi

280 391 494 444 Mobilis
532 391 784 457 ambigua
822 390 1072 442 fallebant
1109 399 1327 456 pectora
1364 407 1512 443 voce.

807 480 1146 547 (Remedium
1167 480 1293 543 fuit
1321 480 1663 545 Incarnatio).

429 570 553 621 Non
591 569 711 621 tulit
749 569 851 619 hoc
889 567 1070 632 magni
1110 568 1286 632 proles
1322 577 1536 618 aeterna
1576 568 1830 630 Parentis,

280 659 352 709 Et
390 658 594 724 Stygiis
632 675 763 723 ergo
801 655 1020 707 canibus
1059 656 1303 715 ludibria,
1343 655 1493 716 dixit,

282 747 506 812 Semper
543 745 645 797 erit
682 745 907 797 mortale
944 762 1129 811 genuS,
1170 761 1510 810 nunquamne
1546 744 1714 795 vereri

282 836 396 886 Nos
435 835 640 885 discent
676 834 896 885 manes?
934 833 1157 884 audacia
1198 832 1339 883 Ditis
1377 833 1522 884 avari

282 923 533 988 Improba
570 922 645 973 sic
683 921 900 987 impune
938 937 1086 972 meos
1123 921 1340 972 invadet
1375 922 1605 974 honores

281 1010 505 1076 Semper
542 1019 596 1061 et
632 1009 843 1060 obscuri
880 1009 1031 1075 plebs
1069 1009 1351 1061 ambitiosa
1389 1011 1637 1076 profundi

282 1100 370 1152 Sic
409 1109 597 1166 perget
634 1117 750 1151 sese
788 1099 1009 1165 Superis
1046 1116 1289 1165 aequare,
1330 1101 1592 1166 Deoque?

284 1190 380 1240 Ibo
417 1199 471 1239 et
508 1199 774 1240 terrenum
812 1188 1050 1239 lustrabo
1089 1187 1389 1254 incognitus
1428 1190 1641 1240 orbem:

285 1279 396 1329 Nec
435 1277 634 1342 patrias
671 1286 908 1343 repetam
946 1278 1115 1337 sedeS‚
1156 1277 1444 1337 caelnmve,
1484 1278 1794 1345 priusquam
1867 1274 1869 1277 ’

283 1366 545 1417 Cerberus
584 1375 638 1417 et
675 1365 868 1431 trepidi
907 1383 992 1416 me
1029 1365 1179 1431 regia
1215 1367 1438 1417 senserit
1475 1366 1619 1418 Orci.

283 1455 406 1506 Non
444 1454 599 1516 vada,
638 1471 746 1506 non
782 1454 964 1515 furiae,
1004 1472 1111 1505 non
1148 1455 1316 1505 ferrea
1353 1455 1582 1507 claustra
1619 1457 1891 1516 vetabunt,

285 1543 454 1609 Nigra
491 1561 587 1609 per
624 1553 677 1594 et
717 1543 919 1594 Phoebi
958 1543 1120 1594 radiis
1158 1543 1429 1610 incognita
1467 1562 1632 1611 regna

286 1634 446 1684 Ferre
483 1633 699 1699 graduS‚
739 1633 960 1683 horrore
997 1642 1226 1683 tremens
1265 1633 1488 1684 ululabit
1525 1635 1753 1699 Erynnis

283 1724 354 1774 Et
392 1740 522 1773 cava
561 1722 790 1773 terrifico
828 1721 1134 1788 quatientur
1170 1730 1369 1772 tartara
1408 1732 1574 1774 motu.

286 1811 589 1862 Flammeus
625 1811 881 1861 obscuros
920 1810 1253 1875 Phlegethon
1291 1811 1608 1875 persuscitat
1645 1811 1796 1878 ignes

287 1900 426 1950 Saxa
465 1908 660 1958 rotanS,
702 1907 1016 1964 moestoque
1052 1899 1302 1949 Acheron
1340 1899 1432 1965 qui
1471 1899 1665 1950 labitur
1702 1918 1875 1963 amne,

288 1987 585 2053 Cocytique
621 2003 812 2052 graves
850 1986 1107 2051 parientia
1146 1986 1363 2037 flumina
1399 1988 1573 2039 luctus

287 2077 358 2127 Et
396 2076 571 2142 liquor
611 2075 867 2126 inducens
909 2076 1173 2126 Lethaeae
1211 2076 1408 2127 oblivia
1445 2078 1698 2144 lymphae

291 2164 609 2230 Praecipites
648 2164 833 2214 sistent
870 2181 1071 2225 cursus,
1110 2174 1361 2231 retroque
1399 2167 1662 2226 redibunt,

287 2253 358 2303 Et
396 2270 492 2303 sua
532 2252 849 2318 sulphureos
887 2263 1128 2317 repetent
1164 2255 1382 2304 exordia
1420 2255 1609 2308 sontes,

290 2341 426 2393 Cum
467 2358 585 2391 mea
622 2358 727 2392 vox
766 2341 942 2392 aditus
980 2358 1167 2393 caecos
1207 2342 1444 2409 ingressa
1483 2345 1777 2409 profundae

290 2430 476 2480 Noctis
515 2439 570 2480 et
608 2429 879 2480 insolitum
917 2430 1217 2495 penetrabit
1255 2441 1454 2482 tartara
1491 2432 1685 2494 lumen,

292 2519 435 2568 Luce
473 2517 747 2583 repentina
783 2519 946 2569 chaos
978 2528 1034 2569 et
1069 2519 1275 2570 fumosa
1315 2521 1548 2571 barathri

289 2606 443 2658 Atria
480 2607 783 2666 clarescent,
825 2607 915 2657 ubi
952 2607 1152 2673 pallida
1189 2609 1464 2660 frondibus
1503 2611 1723 2662 haerent

291 2696 536 2747 Somnia:
579 2695 852 2746 Taenariis
890 2698 1153 2747 revocabo
1192 2714 1224 2747 a
1261 2699 1478 2750 sedibus
1515 2701 1747 2762 umbras,

294 2784 534 2834 Insontes
573 2785 788 2835 umbras
823 2794 1052 2850 patrum,
1094 2803 1230 2852 quos
1267 2787 1429 2853 longa
1467 2789 1566 2839 sub
1605 2789 1696 2840 alti

293 2872 531 2923 Carceris
568 2872 842 2923 includunt
879 2874 1106 2925 obscuro
1143 2875 1353 2926 vincula
1391 2876 1548 2927 circo,

295 2962 582 3026 Propterea
619 2961 884 3026 placidam
924 2962 1078 3013 terris
1116 2963 1349 3015 inducite
1387 2981 1573 3030 pacem

295 3049 483 3100 Sidera
522 3049 611 3114 qui
653 3049 837 3116 regitis
878 3050 1021 3111 Divi,
1062 3051 1153 3117 qui
1191 3052 1406 3104 volvitis
1444 3055 1617 3105 orbeS.

295 3138 371 3188 Ut
409 3138 536 3187 dum
576 3137 715 3188 bella
752 3155 884 3204 gero
923 3156 1043 3190 cum
1083 3140 1322 3207 principe
1359 3142 1534 3208 gentis
1572 3143 1817 3194 Avernae

296 3226 503 3277 Sentiat
541 3227 803 3277 occultam
843 3227 963 3279 ferri
1002 3228 1103 3279 sibi
1142 3238 1282 3280 terra
1319 3231 1572 3282 salutem:
1637 3259 1640 3262 >

299 3315 411 3364 Iam
452 3313 736 3378 trepidant,
778 3332 1081 3382 magnoque
1118 3327 1315 3383 pavent
1353 3318 1576 3370 adversa
1614 3320 1843 3371 tumultu

299 3400 501 3462 Castra,
541 3401 656 3452 dies
694 3413 937 3453 numerat
975 3403 1147 3465 Pluto,
1187 3414 1503 3473 tempusque
1540 3408 1780 3458 volutum

298 3488 533 3554 Colligit,
573 3490 939 3557 adventusque
976 3508 1125 3543 meos
1162 3493 1393 3559 vestigat
1429 3503 1484 3545 et
1522 3504 1702 3547 ortus:

300 3577 600 3628 Nocturnas
638 3588 840 3645 cogunt
876 3579 1032 3641 acies,
1071 3591 1391 3647 cursantque
1428 3599 1525 3648 per
1561 3584 1726 3635 altum

298 3665 440 3715 Aera
477 3675 531 3716 et
570 3665 769 3731 ingenti
809 3667 1033 3733 strepitu
1070 3669 1314 3720 mortalia
1353 3680 1551 3722 terrent
