2508 3978
1112 77 1343 116 ..51-

277 195 524 246 Dedecus
561 194 781 254 auctori,
820 194 986 247 nostri
1024 194 1130 245 iam
1168 193 1406 259 poenitet
1442 194 1607 245 illum.

277 284 496 334 Tutelae
533 283 682 350 piget
717 293 1038 349 assumptae,
1077 291 1423 349 veterumque
1461 282 1719 344 laborum,

274 374 455 438 Atque
492 372 602 423 dati
643 382 823 423 nostra
860 389 959 436 pro
997 371 1241 424 libertate
1278 372 1494 425 cruoris.

234 462 669 526 (Calamitatibus
706 462 992 526 impeditur
1014 466 1186 526 poeta,
1218 464 1501 527 quominus
1539 464 1701 512 vitam
1748 462 1950 512 Christi
1983 463 2211 526 servibat).

423 550 482 601 Si
521 549 804 616 tranquilla
841 549 993 615 quies
1030 559 1085 600 et
1121 549 1360 602 tristibus
1397 549 1507 601 otia
1543 550 1684 600 curis

275 638 468 689 Libera
507 656 593 689 me
629 638 861 691 sinerent
897 646 1109 689 sanctos
1145 637 1372 690 invisere
1408 638 1596 698 fonteS,

275 728 347 778 Et
383 737 527 778 totos
566 726 827 779 Helicona
862 726 978 778 dies
1014 744 1326 779 consumere
1362 726 1578 787 circum,

276 816 453 866 Prima
489 815 742 866 salutiferi
781 825 1026 880 repetens
1062 814 1283 867 exordia
1318 815 1534 876 Christi,

274 904 364 955 Ad
401 921 648 970 suprema
686 889 863 955 meum
900 904 1132 958 venisset
1167 914 1410 970 tempora
1446 921 1675 964 carmen,

273 994 517 1058 Actaque
554 1002 839 1044 tentassem
877 992 1064 1044 maiori
1102 992 1312 1060 singula
1347 1009 1505 1052 versu

274 1083 478 1133 Texere
515 1092 570 1132 et
608 1081 823 1132 annales
860 1081 1168 1133 melioribus
1205 1081 1363 1135 edere
1399 1081 1630 1133 chartis:

275 1171 386 1223 Sed
424 1188 520 1222 nec
559 1188 769 1222 summa
805 1171 955 1237 sequi
994 1170 1262 1237 trepidum
1300 1170 1512 1236 fastigia
1551 1180 1760 1236 tempus

276 1261 366 1310 Me
405 1259 528 1310 sinit
566 1269 620 1310 et
657 1259 799 1310 caeci
838 1258 918 1310 vis
956 1258 1241 1310 formidata
1278 1259 1485 1313 veneni.

275 1350 473 1400 Nostra
510 1348 701 1409 brevis,
741 1348 1004 1414 veloxque
1038 1357 1187 1400 aetas
1224 1357 1279 1399 et
1315 1348 1471 1414 plena
1508 1349 1751 1399 laborum

275 1436 364 1487 Nil
403 1436 569 1486 altum
608 1444 811 1487 tentare
849 1435 988 1496 sinit,
1029 1436 1356 1487 contermina
1394 1446 1536 1487 meta
1572 1446 1654 1487 est

275 1525 604 1584 CarceribuS‚
645 1524 928 1576 coniuncta
963 1524 1095 1585 neci,
1135 1524 1478 1593 subiectaque
1516 1526 1625 1576 fato

274 1615 399 1665 Vita
438 1615 590 1680 sugit,
633 1631 800 1679 parvo
839 1631 1058 1664 occasus
1095 1613 1400 1665 discrimine
1436 1613 1505 1664 ab
1543 1623 1666 1665 ortu

275 1703 453 1754 Distat
489 1715 541 1754 et
579 1702 866 1753 innumeris
902 1701 1161 1768 premitur
1198 1702 1360 1754 breve
1395 1701 1637 1754 cladibus
1673 1719 1882 1758 aevum.

274 1793 449 1844 Pauca
488 1802 664 1842 tamen
702 1809 768 1842 ne
807 1808 894 1842 me
931 1791 1201 1857 ignavum,
1242 1790 1485 1858 tristique
1524 1791 1783 1843 iacentem

275 1881 511 1941 Desidia,
549 1881 784 1931 inveniat
820 1879 1044 1931 miserae
1081 1880 1173 1932 lux
1210 1879 1396 1931 ultima
1433 1881 1591 1942 vitae,

273 1969 579 2030 Subiiciam,
620 1969 799 2035 magni
838 1969 1049 2035 quoties
1087 1970 1360 2021 benefacta
1397 1970 1630 2035 parentis

273 2058 552 2109 Volvimus
589 2076 620 2108 a
657 2057 796 2108 curis
831 2057 1010 2108 animo
1048 2057 1284 2124 fugiente
1320 2058 1534 2109 caducis

274 2146 476 2197 Lucida
513 2146 769 2196 caeruleis
805 2163 902 2196 ceu
942 2156 1057 2198 toto
1096 2163 1126 2196 e
1164 2146 1393 2197 nubibus
1431 2147 1561 2197 orbe

274 2237 367 2287 Sol
407 2235 605 2296 abiens,
646 2245 906 2285 monstrat
944 2235 1097 2295 ratio,
1138 2253 1299 2301 quam
1339 2245 1495 2301 turpe
1532 2249 1836 2302 nocensque

273 2324 360 2376 Sit
398 2340 503 2374 non
542 2323 683 2375 iussa
721 2324 871 2389 sequi
911 2324 1176 2389 Superum
1216 2334 1272 2376 et
1307 2335 1646 2376 contemnere
1692 2325 1877 2376 Divos

271 2415 451 2479 Atque
491 2411 593 2463 Dei
632 2412 796 2464 iustas
834 2413 1046 2479 quoties
1083 2430 1115 2464 a
1153 2413 1334 2477 limine
1371 2413 1478 2465 fixo

275 2501 515 2552 Iustitiae
553 2501 712 2552 illecti
751 2500 883 2552 vitio
921 2501 1245 2552 discedimus
1283 2502 1388 2553 iras

274 2590 526 2651 Insinuat,
568 2590 830 2656 mitesque
868 2589 983 2640 dari
1021 2607 1121 2655 pro
1159 2590 1378 2641 crimine
1415 2608 1616 2657 poenas

273 2681 342 2730 Et
382 2690 621 2730 nostrum
662 2679 865 2730 maiora
902 2679 1074 2730 scelus
1112 2688 1376 2730 tormenta
1414 2680 1620 2732 mereri.

677 2769 1107 2818 Commemoratio
1150 2769 1519 2835 beneficiorum
1565 2769 1782 2820 Christi.

593 2856 855 2921 (Mundus
892 2858 1091 2907 levatus
1123 2875 1156 2906 a
1194 2874 1339 2908 caeco
1377 2859 1635 2909 idolorum
1673 2860 1853 2923 cultu).

419 2946 560 2995 Ante
597 2945 811 2996 salutari
852 2962 1012 3011 quam
1052 2946 1261 2997 tolleret
1298 2946 1440 2997 unda
1478 2947 1690 2998 lavacro

274 3033 489 3084 Crimen
527 3043 580 3084 et
618 3033 736 3084 irati
776 3034 958 3085 valvas
995 3034 1225 3100 aperiret
1264 3035 1502 3100 Olympi,

273 3123 429 3181 Aera,
471 3122 635 3188 Deos,
674 3121 916 3173 homiues
954 3132 1008 3174 et
1046 3122 1191 3188 ligna
1229 3124 1462 3174 carentia
1498 3123 1609 3175 vita

272 3210 405 3260 Esse
443 3209 542 3259 rati
580 3209 743 3260 lectas
781 3211 1013 3275 pecudes
1051 3221 1105 3262 et
1143 3211 1322 3262 debita
1360 3212 1508 3264 caelo

272 3298 440 3363 Orgia
478 3298 747 3363 ponebant
783 3299 957 3350 surdis
995 3299 1265 3360 altaribu3‚
1306 3310 1428 3351 ante

274 3386 437 3436 Facta
476 3403 634 3436 manu
673 3386 953 3438 simulacra
991 3389 1071 3439 sui
1111 3389 1328 3440 cultoris
1366 3399 1420 3440 et
1457 3400 1586 3440 arte.

278 3473 507 3524 Numina
545 3474 795 3526 fallebant
832 3475 1041 3527 Siculos
1080 3477 1310 3541 Erycina
1346 3478 1580 3529 colonos,

274 3562 512 3627 Iuppiter
550 3580 582 3613 a
622 3563 838 3629 Libycis
875 3564 965 3630 qui
1005 3565 1220 3616 nomina
1257 3565 1419 3616 sumit
1456 3567 1643 3626 areniS,
