2508 3978
1183 119 1419 159 ...80-

899 236 1092 301 (Vetus
1131 237 1321 301 religio
1359 235 1708 286 instauranda

410 331 461 376 et
495 326 645 376 Deus
684 327 798 374 rite
819 325 1060 375 colendus
1070 343 1096 381 ,·
1131 326 1295 377 altero
1327 324 1455 376 Elia
1497 324 1762 388 Propheta
1799 340 1938 373 nunc
1973 329 2101 388 opus
2138 327 2256 389 est).

502 413 559 464 Si
600 413 818 463 robusta
856 412 1003 471 fides,
1044 411 1089 465 si
1127 428 1251 477 spes
1288 411 1591 471 immobilis,
1632 411 1840 470 ardens,

348 500 411 552 Si
450 500 622 566 pietas
657 500 796 557 senis
832 511 888 552 et
924 499 1056 553 vitio
1095 499 1398 553 inviolabile
1435 507 1620 565 pectus

353 589 575 650 Afforet,
617 589 893 656 ignicolor.
932 605 1092 656 quem
1132 588 1311 654 lapsus
1349 588 1417 640 ab
1457 588 1670 644 aethere
1708 605 1893 638 currus

350 677 578 729 Sustulit
615 678 669 729 in
710 677 912 730 Phoebi
950 678 1110 730 silvas
1148 686 1310 744 atque
1347 677 1514 729 ardua
1553 676 1766 742 templa,

353 767 540 818 Ferret
577 784 753 833 opem,
794 776 1083 833 possetque
1119 766 1322 818 instans
1361 775 1599 817 avertere
1636 766 1840 825 satum;

354 857 475 920 Ipse
512 856 817 906 sacerdotes
858 854 1159 920 Phythonia
1197 867 1414 922 pectora
1453 853 1612 929 falsos

349 943 588 995 Abstulit
624 954 679 995 et
715 944 880 1010 longo
919 942 1123 1010 campis
1160 943 1430 995 arentibus
1465 953 1615 994 aestu

353 1033 548 1084 Elicuit
583 1032 792 1098 largum
831 1031 1020 1084 subitis
1060 1032 1130 1085 de
1169 1030 1399 1084 nubibus
1437 1031 1677 1083 imbrem.

350 1121 539 1172 Traxit
576 1107 630 1172 et
667 1121 944 1172 aethereos
983 1120 1190 1186 superis
1228 1137 1295 1172 ex
1333 1119 1552 1171 orbibus
1591 1119 1757 1185 igneS.
1822 1166 1825 1167 a

353 1210 422 1260 Et
461 1227 601 1260 nova
639 1210 975 1262 circumdans
1010 1208 1228 1275 liquidis
1266 1208 1453 1261 altaria
1490 1208 1616 1260 rivis

350 1299 533 1364 Quum
574 1299 711 1349 bove
750 1307 982 1351 mactato
1021 1297 1242 1349 rutilans
1280 1296 1626 1363 superincidit
1663 1296 1839 1357 ardor,

353 1389 422 1438 Et
461 1405 627 1454 quum
666 1388 799 1438 dura
837 1388 1009 1440 serens
1048 1386 1192 1452 regis
1231 1385 1481 1438 mandata
1519 1386 1750 1451 superbi,

349 1476 624 1527 Attonitus
661 1476 824 1527 sensit
863 1475 1143 1542 flagrantia
1181 1475 1391 1541 fulgura
1430 1474 1597 1527 miles,

349 1566 456 1615 Hic
494 1565 711 1631 antiqua
751 1575 874 1615 tuae
913 1564 1036 1617 iecit
1073 1563 1368 1630 primordia
1406 1563 1598 1629 gentiS,

355 1655 601 1719 Namque
637 1654 823 1705 rudem
863 1653 1094 1704 tunicam
1135 1662 1303 1704 tetrae
1342 1651 1577 1718 fuliginis
1617 1651 1795 1712 instar,

349 1742 452 1793 Cui
491 1742 732 1808 simplex,
772 1758 1070 1808 expersque
1107 1740 1235 1794 artis
1274 1749 1464 1792 natura
1501 1739 1733 1791 colorem

353 1832 588 1891 Fecerat,
630 1829 880 1890 induitur,
922 1846 1018 1895 per
1054 1829 1266 1882 saecula
1302 1838 1492 1882 cuncta
1529 1837 1783 1889 nepotum

350 1920 640 1986 Progenies
677 1919 828 1972 iussit
866 1917 1093 1971 similem
1116 1926 1368 1985 ‚gestaret
1406 1917 1675 1969 amictum.

353 2009 531 2059 Incola
570 2008 801 2067 Carmeli
839 2008 1043 2073 primus
1080 2008 1180 2060 suit
1218 2007 1332 2073 ipse
1368 2006 1590 2073 pudoris

346 2096 588 2162 Virginei
628 2095 873 2162 princeps
909 2104 966 2146 et
1003 2096 1145 2148 vitae
1180 2094 1401 2147 coelibis
1437 2104 1638 2145 auctor.

352 2188 473 2251 Ipse
511 2202 609 2236 suo
647 2195 859 2236 sanctos
898 2185 1056 2236 urbes
1094 2193 1150 2236 et
1188 2183 1398 2236 moenia
1436 2193 1615 2250 patres

349 2275 615 2341 Linquere
653 2283 707 2325 et
744 2274 797 2326 in
836 2273 1010 2325 tacitis
1047 2290 1258 2325 servare
1296 2271 1505 2324 silentia
1542 2271 1761 2336 campiS,

351 2363 612 2428 Exemplo
650 2362 849 2423 docuit,
889 2361 1035 2414 solus
1074 2378 1306 2427 namque
1343 2360 1459 2426 ipse
1497 2377 1593 2426 per
1631 2359 1846 2410 umbras

351 2452 578 2502 Errabat
615 2468 909 2510 nemorum,
950 2450 1126 2516 pomis
1161 2459 1443 2501 contentus
1482 2459 1536 2500 et
1575 2448 1732 2498 unda.

345 2542 583 2592 Gramen
621 2540 668 2590 ei
709 2557 808 2606 pro
846 2539 1002 2591 melle
1040 2539 1152 2600 fuit,
1193 2555 1295 2604 pro
1332 2547 1543 2589 nectare
1582 2537 1818 2608 lympha.

345 2630 458 2680 Sed
495 2629 619 2680 felix
655 2646 793 2679 nunc
831 2645 958 2679 arva
994 2628 1123 2679 colit
1159 2627 1385 2679 ridentia
1423 2643 1584 2692 supra

349 2720 393 2768 F
396 2717 587 2783 rigoris
628 2717 753 2767 aerii
793 2727 847 2767 et
884 2716 1158 2782 lapidosae
1197 2715 1471 2782 grandinis
1510 2732 1675 2766 oram.

352 2807 445 2856 Ille
482 2806 605 2856 licet
646 2805 857 2871 gemina
899 2813 1081 2856 vertex
1118 2813 1318 2855 aestate
1356 2801 1640 2869 quotannis

348 2894 520 2945 Sudet
558 2904 610 2944 et
649 2911 680 2943 a
719 2893 871 2944 nobis
909 2910 1030 2945 cum
1071 2893 1150 2943 sol
1191 2891 1421 2943 declinat
1459 2890 1511 2940 in
1549 2892 1760 2940 austfos

351 2983 421 3033 Et
458 2999 577 3032 curn
618 2981 814 3032 littorei
852 2981 988 3047 petit
1027 2980 1248 3032 humida
1285 2978 1502 3031 brachia
1540 2978 1729 3038 cancri,

347 3071 564 3122 Scilicet
602 3070 807 3136 aequali
848 3069 1054 3138 Librae,
1099 3068 1401 3134 Phryxique
1439 3068 1537 3118 sub
1575 3077 1735 3125 astr0,

353 3162 620 3224 Depresso
659 3159 910 3226 quoniam
950 3159 1175 3211 multum
1216 3157 1417 3209 telluris
1454 3157 1521 3207 ab
1559 3156 1688 3207 orbe

347 3248 593 3308 Tollitur,
636 3248 847 3307 infestis¹
875 3264 1168 3314 numquam
1209 3257 1386 3298 tamen
1426 3245 1638 3311 ignibus
1677 3243 1843 3303 ardet,

352 3338 651 3402 Purpureos
689 3353 898 3401 semper
935 3335 1108 3396 flores,
1147 3333 1472 3401 spirantibus
1510 3333 1667 3393 auris,

346 3425 461 3476 Ora
501 3435 685 3489 tepens
725 3441 936 3490 semper
972 3423 1141 3478 violas
1181 3431 1235 3475 et
1268 3421 1496 3474 candida
1534 3439 1745 3484 semper

349 3514 485 3564 Lilia
525 3513 639 3573 fert,
682 3514 1036 3578 brevibusque
1074 3512 1189 3564 dies
1228 3510 1573 3563 absconditur
1610 3514 1828 3566 umbris.

346 3603 616 3667 Quattuor
654 3619 719 3652 ex
758 3574 871 3652 imis
911 3601 1142 3651 labentia
1182 3599 1399 3650 flumina
1437 3601 1639 3667 campis

351 3691 483 3738 Lata
524 3689 698 3754 rigant
738 3690 897 3739 Asiae
936 3688 1063 3753 ripis
1103 3688 1405 3751 ingentibus
1444 3705 1598 3739 arva:
