2508 3978
993 884 1435 935 PRAEFATIO.

320 1140 420 1191 vUt
456 1139 636 1204 aliquo
679 1137 864 1188 saltem
917 1137 1080 1186 modo
1118 1153 1183 1186 ex
1234 1147 1385 1201 parte
1434 1153 1649 1203 quoque
1693 1147 1874 1188 nostra
1918 1138 2246 1189 celebremus

205 1230 468 1291 Quartum
503 1228 871 1279 Centenarium
910 1225 1096 1275 mortis
1136 1225 1194 1274 B.
1226 1224 1495 1290 Baptistae
1521 1226 1777 1291 Spagnoli
1815 1243 1910 1277 seu
1951 1226 2243 1286 Mantuani,

199 1318 329 1369 nihil
368 1317 555 1368 melius
592 1332 688 1366 nos
724 1317 885 1380 agere
921 1330 1080 1379 posse
1117 1312 1447 1364 confidimus*
1469 1331 1631 1380 qnam
1682 1314 2044 1380 reimprimere
2083 1332 2243 1364 unum

200 1425 265 1457 ex
303 1405 608 1456 melioribus
644 1403 758 1454 eius
793 1402 1129 1505 poematibus
1167 1401 1478 1468 inscriptum
1518 1404 1604 1453 De
1650 1404 2047 1454 Calamitatibus
2098 1405 2243 1454 Tem-

203 1582 572 1641 validissimae,
581 1492 1360 1644 eruedioruxfiiiii?'13{is5rum
1411 1579 1636 1644 flagellis
1686 1580 1929 1631 universa
1966 1597 2247 1659 propemo-

204 1673 333 1744 dum
371 1671 524 1721 Italia
559 1669 924 1728 afflictabatur,
964 1679 1142 1717 tamen
1168 1668 1239 1718 ob
1264 1667 1411 1717 varia
1450 1684 1622 1718 rerum
1662 1664 1925 1730 adiuncta
1965 1669 2123 1719 etiam
2151 1670 2253 1718 hac

205 1748 394 1813 nostra
398 1752 594 1810 aetate
616 1756 761 1808 satis
775 1756 997 1823 gustari
1054 1757 1267 1822 poterit.
1311 1757 1577 1807 Describit
1614 1757 1869 1823 temporis
1906 1759 2250 1817 calamitateS,

206 1849 447 1916 depingit
485 1850 671 1898 harum
710 1863 895 1897 causas
920 1848 1148 1920 (septem
1175 1855 1404 1921 peccata
1408 1845 1705 1921 capitalia)
1733 1846 1983 1897 virtutem
2022 1847 2255 1912 elegiace

209 1939 413 1991 inducit
435 1945 845 2002 conquerentem
860 1922 940 1985 de
964 1934 1046 1984 sui
1067 1934 1324 1999 despectu
1351 1944 1405 1984 et
1431 1945 1757 2000 contemptu,
1791 1953 1853 1986 ac
1891 1936 2106 1986 tandem
2132 1952 2255 1985 cum

213 2024 765 2096 remedfiffl
773 2039 994 2085 sensum
1018 2023 1142 2085 veri
1156 2022 1431 2083 christiani
1444 2033 1545 2081 et
1550 2023 1701 2081 civis.
1737 2018 1934 2075 Badius
1970 2008 2258 2074 Ascensius

213 2118 266 2167 in
305 2113 790 2181 praenotationibus
827 2112 896 2162 ad
934 2112 1170 2176 amplum
1227 2112 1666 2162 commentarium
1705 2114 1789 2163 ed.
1837 2111 1976 2164 1506
2016 2112 2260 2178 adiungit

214 2206 248 2261 i.
289 2223 365 2255 a.:
407 2222 437 2254 «
467 2202 694 2253 Intentio
722 2201 798 2266 (¹)
830 2217 974 2261 vem,
1013 2201 1058 2251 si
1097 2216 1203 2251 non
1229 2201 1397 2261 fallor,
1438 2211 1534 2261 est,
1575 2212 1634 2251 ut
1672 2202 1818 2252 iuxta
1856 2202 2087 2267 priscum
2129 2202 2256 2252 Car-

216 2294 513 2344 melitarum
551 2290 856 2341 Institutum
883 2306 1020 2355 opus
1045 2289 1169 2340 boni
1208 2289 1435 2355 operarii
1462 2290 1515 2340 in
1541 2290 1709 2340 Vinea
1748 2289 1945 2341 Christi
1984 2291 2258 2345 exhibeat:

217 2382 273 2434 id
310 2392 406 2442 est,
447 2391 520 2439 ut,
559 2379 791 2444 expulsis
827 2395 859 2428 e
897 2378 1162 2429 mentibus
1199 2378 1394 2429 nostris
1419 2378 1577 2439 vitiis,
1617 2379 1828 2430 virtutis
1854 2390 2142 2430 sementem
2183 2380 2259 2429 in—

218 2481 374 2531 serat,
414 2480 575 2534 atque
610 2467 684 2518 ita
721 2467 1080 2532 compleamus
1117 2468 1265 2532 quod
1309 2467 1530 2518 dicitur:
1583 2468 1790 2518 declina
1828 2485 1860 2518 a
1911 2470 2051 2519 malo
2090 2479 2144 2519 et
2182 2469 2263 2519 sac

220 2562 447 2618 bonum;
487 2557 750 2622 simulque
787 2565 845 2605 ut
883 2555 1060 2606 animo
1104 2572 1202 2606 suo
1253 2573 1455 2606 morem
1508 2567 1676 2622 gerat.
1716 2557 1852 2608 Cum
1892 2557 2031 2607 enim
2072 2559 2266 2608 habeat

221 2648 492 2714 egregiam
532 2646 601 2696 ad
639 2643 909 2695 heroicum
947 2660 1175 2703 carmen,
1214 2643 1271 2695 id
1309 2655 1405 2704 est,
1448 2645 1516 2695 ad
1542 2662 1695 2711 reges
1731 2656 1785 2696 et
1821 2647 2021 2711 praelia
2058 2663 2265 2706 venam,

224 2754 289 2787 ne
327 2737 463 2787 sorte
499 2751 626 2785 suae
664 2733 975 2799 professioni
1013 2749 1306 2798 congruere
1343 2733 1711 2800 iudicaret(ur)
1756 2736 2030 2786 hominum
2071 2736 2269 2801 praelia

226 2825 538 2883 describere,
577 2822 826 2873 vitiorum
866 2837 1099 2887 pugnarn
1146 2821 1371 2881 instruit,
1412 2839 1517 2873 non
1555 2831 1734 2874 tacens
1784 2835 1959 2874 tamen
2001 2835 2268 2875 turcorum

226 2913 476 2964 insultum
504 2929 534 2962 »
576 2911 670 2978 (2).

278 3108 282 3114 ⁵
348 3058 407 3114 (¹)
438 3057 580 3100 Hanc
610 3056 888 3110 generalem
919 3056 1271 3100 reformationis
1290 3059 1609 3103 intentionem
1631 3071 1718 3114 per
1741 3066 1895 3103 totam
1927 3060 2075 3103 vitam
2104 3059 2273 3102 habuit

229 3132 392 3187 quoad
423 3130 673 3181 Ordinem,
704 3130 786 3184 qui
816 3137 933 3174 tunc
967 3130 1063 3174 iam
1104 3130 1390 3175 reformatus
1421 3140 1524 3176 erat
1569 3133 1617 3176 in
1665 3145 1750 3176 sua
1782 3133 2190 3188 Congregatione‚
2224 3139 2276 3175 et

228 3205 392 3261 quoad
424 3203 693 3248 Ecclesiam
722 3203 1013 3247 universam.
1048 3204 1101 3247 In
1138 3204 1360 3248 Editione
1414 3218 1522 3260 15¹3
1570 3207 1657 3250 has
1694 3205 2087 3262 praenotationes
2117 3206 2276 3250 omisit

230 3278 507 3330 Ascensius‚
540 3278 629 3321 sed
659 3277 708 3319 in
730 3277 964 3331 principio
983 3278 1315 3322 commentarii
1339 3280 1530 3323 scribit:
1565 3294 1592 3322 ‹
1614 3280 1823 3325 Sanctae
1855 3293 1911 3324 ac
1943 3281 2145 3324 salubris
2175 3293 2276 3323 eru·

233 3352 428 3397 ditionis
457 3351 789 3406 plenissimum
816 3358 907 3403 est,
926 3364 1083 3406 usque
1113 3353 1257 3405 adeo,
1281 3361 1333 3396 ut
1353 3360 1498 3407 poeta
1520 3366 1632 3398 cum
1661 3353 1775 3397 aiibi
1798 3355 1933 3404 alim,
1958 3354 2037 3397 hic
2067 3366 2175 3397 sese
2206 3366 2280 3396 su·

234 3438 433 3482 perasse
460 3433 714 3469 censeatur
733 3438 778 3468 ›.
1036 3425 1042 3430 '

356 3499 413 3555 (²).
444 3499 524 3543 Ad
555 3499 790 3553 capienda
820 3511 955 3543 arma
982 3506 1149 3544 contra
1173 3500 1393 3545 infideles
1424 3514 1552 3562 anno
1579 3505 1710 3555 1480,
1734 3504 1971 3546 suadente
1996 3507 2127 3545 certe
2150 3501 2282 3544 Gon·

237 3587 374 3630 zaga,
407 3578 583 3628 poema
613 3573 766 3617 edidit
794 3573 982 3617 circiter
1009 3586 1126 3627 ¹400
1146 3587 1372 3619 versuum
1394 3577 1456 3619 ad
1479 3562 1638 3630 Reges
1658 3563 1716 3619 et·
1733 3577 1976 3630 Principes
1998 3574 2281 3618 christianos

238 3652 299 3692 in·
319 3646 566 3691 communi
591 3652 643 3690 e't
670 3646 719 3690 in
750 3647 1022 3701 particulari
1054 3648 1166 3703 (Ed.
1206 3649 1361 3702 15761
1396 3650 1474 3693 fol.
1510 3662 1593 3703 154
1621 3657 1711 3693 etc.
1738 3650 1826 3693 Ed.
1854 3662 1982 3703 1513,
2023 3648 2065 3691 11
2088 3651 2167 3691 tol.
2189 3651 2284 3704 79).

243 3723 353 3775 lpse
385 3725 546 3762 antem
575 3720 691 3762 illud
723 3731 819 3763 non
852 3721 1043 3763 admisit
1074 3720 1123 3764 in
1156 3721 1380 3765 Editione
1411 3722 1623 3776 Operum
1662 3735 1791 3775 1502.
