2508 3978
1206 116 1441 157 ..32-

376 227 652 294 Deposuit,
693 225 990 290 frontisque
1024 222 1212 283 minas‚›
1249 223 1519 289 animique
1557 232 1851 282 tumorem:

373 317 492 367 Ibat
529 315 669 366 enim
709 314 825 364 solo
865 312 1060 362 auxilio
1100 311 1338 364 thoracis,
1370 320 1423 365 et
1462 310 1662 374 hastae,

288 472 295 480 ι
375 406 497 455 Non
536 420 638 469 ope
678 402 955 460 Divorum,
997 417 1103 451 non
1143 400 1252 451 ullo
1290 398 1506 450 numine
1543 399 1706 449 fultus

373 495 433 543 In
472 509 725 558 pugnarn,
765 506 1096 556 parvumque
1134 488 1312 538 minax
1353 488 1562 538 Davida
1601 487 1833 553 superbo

374 580 741 646 Nequicquam
779 587 976 629 terrere
1013 594 1145 628 sono
1184 586 1420 636 conatuS,
1463 576 1514 626 in
1555 593 1732 626 ensem

376 671 517 719 Dum
558 668 730 733 surgit
766 667 931 717 misso
969 683 1063 732 per
1100 666 1270 716 ferrea
1307 674 1555 729 tempora·
1586 681 1714 714 saxo
1743 701 1746 703 >

376 757 590 808 Corruit
628 767 681 807 et
721 765 835 806 toto
873 754 1122 806 diffusum
1163 754 1347 819 iugere
1385 770 1581 818 corpus

375 845 552 896 Mirati
592 854 842 909 stupuere
880 843 1076 903 hosteS,
1119 842 1368 908 turpique
1405 841 1601 892 dedere

377 936 554 999 Terga
592 934 765 998 fugae,
804 949 1079 997 parvoque
1118 930 1486 997 Gygas-cadit
1522 930 1657 980 ictus
1695 930 1764 980 ab
1803 930 1971 981 hoste.

375 1023 464 1074 Sic
505 1038 719 1088 quoque
757 1021 971 1071 delusus
1009 1037 1165 1071 curru
1207 1019 1350 1070 Iovis
1388 1019 1626 1069 aemulus
1662 1019 1770 1069 alto

376 1113 551 1162 Aerea
590 1110 809 1161 convexi
848 1109 1106 1160 scandens
1145 1107 1450 1159 curvamina
1489 1108 1666 1173 pontis

381 1200 885 1265 Flammiferumque
923 1209 1103 1249 rotans
1141 1197 1384 1264 Alphaea
1422 1214 1518 1263 per
1555 1196 1755 1262 oppida
1793 1195 1989 1246 fulmen

376 1289 589 1340 Occidit
626 1298 680 1339 et
717 1304 842 1338 casu
882 1287 1067 1338 Eleam
1106 1286 1390 1352 perterruit
1427 1287 1630 1336 urbem.

378 1380 529 1428 Haec
568 1377 750 1427 docuit
789 1376 1055 1442 Phlegyas
1093 1392 1261 1441 genus
1299 1374 1592 1426 execrabile
1629 1373 1831 1424 caelum

375 1476 651 1540 Spernere,
693 1489 829 1539 quos
868 1473 1072 1537 Tethys
1110 1470 1384 1522 ultricibus
1422 1470 1640 1520 abstulit
1675 1469 1847 1524 undis,

376 1565 525 1614 Haec
565 1579 780 1628 quoque
821 1561 1030 1612 Niliaco
1069 1560 1183 1627 regi
1223 1577 1343 1611 curn
1383 1559 1559 1610 nescia
1597 1558 1732 1609 roris

377 1654 543 1703 Terra
581 1651 675 1702 diu
714 1651 897 1701 solitas
936 1651 1132 1715 frugeS,
1172 1648 1480 1714 victumque
1519 1656 1782 1712 negasset,

377 1740 647 1806 Sanguine
685 1738 947 1805 persuasit
984 1737 1181 1804 placari
1220 1736 1453 1788 numina.
1474 1737 1606 1786 suso,

381 1831 440 1879 In
480 1845 701 1892 superos
741 1828 927 1878 eadem
967 1836 1121 1877 natos
1160 1825 1385 1876 armavit
1423 1824 1593 1883 Aloei‚

381 1918 486 1983 Qui
526 1917 787 1985 domitum
828 1916 1082 1982 gravibus
1123 1915 1350 1965 Martem
1389 1922 1608 1963 tenuere
1645 1911 1884 1966 catenis„

379 2007 462 2058 Sit
500 2007 627 2058 satis
666 2007 795 2056 haec
832 2005 1051 2055 libasse:
1094 2003 1210 2054 aliis
1250 2001 1595 2053 memoranda
1633 2009 1915 2065 supersunt

383 2097 632 2156 Plurima,
674 2094 861 2145 maiori
899 2094 1156 2144 scelerum
1197 2093 1265 2143 de
1303 2091 1542 2157 principe
1587 2099 1760 2139 cantu.

383 2184 600 2245 Audivi,
642 2183 846 2250 gemuit
883 2182 1055 2242 telluS,
1097 2182 1341 2232 turbatur
1379 2179 1558 2230 averni

382 2274 596 2333 Ianitor,
638 2290 759 2323 ecce
798 2272 949 2338 niger
975 2271 1198 2321 nebulae
1237 2269 1431 2336 globus
1469 2268 1578 2318 exit
1615 2284 1829 2333 opacae.

382 2365 495 2413 Iam
535 2372 723 2421 turreS,
764 2376 1060 2426 regumque
1099 2360 1290 2409 domos
1329 2357 1608 2409 abscondit
1645 2366 1699 2407 et
1737 2355 1910 2415 urbeS,

381 2451 715 2515 Exhalatque
754 2465 973 2514 gravem
1013 2442 1119 2497 nox
1157 2447 1462 2512 importuna
1500 2443 1799 2510 Mephitim.

384 2541 463 2590 Ite
502 2539 686 2604 procul
726 2538 880 2588 mites
919 2537 1127 2587 animae
1166 2552 1304 2601 quae
1341 2534 1518 2585 dulcia
1556 2532 1701 2599 pacis

383 2628 525 2688 Otia,
567 2644 705 2693 quae
742 2643 980 2691 superOS,
1022 2641 1159 2690 quae
1197 2624 1330 2674 coeli
1370 2622 1623 2689 quaeritis
1662 2637 1864 2671 arcem:

386 2719 468 2767 Ne
506 2717 742 2767 funestus
782 2715 932 2773 odor,
975 2731 1040 2764 ne
1079 2730 1176 2764 vos
1215 2711 1463 2777 contagia
1502 2710 1713 2761 laedant

386 2807 647 2871 Vipereae
684 2803 865 2870 prolis,
905 2802 1095 2853 clausis
1135 2800 1446 2852 abscondite
1483 2798 1651 2849 valvis

379 2895 547 2955 Atria,
589 2893 871 2959 progenies
908 2891 1045 2957 nigri
1087 2891 1214 2941 dum
1253 2888 1504 2955 praeterit
1543 2884 1689 2939 Orci.

879 2981 1180 3030 Monstrum
1217 2978 1500 3029 secundum
1515 2997 1534 3027 .·
1575 2976 1804 3027 Invidia.

537 3072 701 3121 Livor
739 3069 875 3120 edax
914 3068 1050 3118 tristi
1084 3084 1307 3133 surgens
1344 3064 1664 3116 Acherontis
1702 3063 1770 3113 ab
1809 3078 1962 3112 amne

391 3159 626 3210 Pallidus
665 3167 718 3209 et
757 3167 963 3208 moesto
1002 3155 1265 3206 demissus
1303 3154 1503 3205 lumina
1539 3152 1689 3203 vultu

390 3247 791 3313 Obliquumque
830 3255 983 3296 tuens
1022 3245 1178 3295 rebus
1217 3244 1454 3308 gaudere
1491 3241 1736 3292 secundis

391 3335 632 3395 NeseiuS‚
672 3351 795 3384 aera
834 3333 1005 3384 virum
1045 3332 1201 3383 claris
1239 3331 1451 3396 signata
1490 3328 1772 3394 triumphis

387 3426 562 3475 Dente
601 3434 790 3483 terenS,
833 3423 1093 3487 tardoque
1133 3437 1352 3471 movens
1392 3418 1618 3484 vestigia
1656 3433 1833 3483 passu,

388 3514 667 3563 Murmure
705 3527 843 3561 nunc
884 3510 1044 3569 tenui,
1085 3526 1224 3559 nunc
1262 3507 1481 3558 fulmine
1518 3505 1666 3557 vocis
1705 3513 1890 3569 aperto

395 3599 630 3651 Percutit
669 3599 918 3658 insontes,
961 3599 1101 3648 bona
1139 3597 1287 3648 vultu
1326 3595 1499 3646 aliena
1544 3594 1780 3658 maligno

389 3688 620 3753 Ingemit
658 3687 918 3753 aspiciens
957 3696 1010 3736 et
1050 3686 1171 3735 felle
1209 3693 1461 3750 gravatus
1502 3698 1683 3732 amaro
