2508 3978
1125 104 1359 146 „73-

293 213 535 265 Claustra
574 214 707 275 viae,
747 215 856 265 sale
894 223 1159 274 concreto,
1199 228 1338 278 quae
1376 212 1604 278 plurima
1642 212 1833 263 crescit

293 302 454 353 Stiria
491 302 744 369 frigentes
782 302 1032 368 Scythiae
1071 301 1368 368 penetravit
1406 300 1458 351 in
1498 316 1677 367 agros,

293 391 451 442 Venit
487 393 555 443 ab
594 392 854 444 herculeis
890 407 986 458 per
1024 392 1235 442 Iberum
1276 390 1520 442 Gadibus
1558 406 1760 457 aequor

292 479 414 545 Qua
452 480 594 531 subit
630 481 891 532 excelsam
931 480 1136 545 Thetys
1174 479 1417 530 interflua
1457 479 1660 545 Calpen

290 568 379 618 Ad
417 568 555 619 vada
594 568 978 634 Gangaridum,
1020 583 1217 633 magno
1256 566 1348 633 qui
1388 566 1631 632 proxima
1670 565 1847 632 Gangi

293 656 440 706 Rura
478 666 672 717 tenent,
712 671 1060 722 gemmasque
1097 656 1298 721 legunt,
1338 671 1401 705 ea
1439 655 1580 705 sama
1616 671 1712 720 per
1749 670 1962 705 omnem

293 745 406 794 Iam
444 755 596 795 vetus
635 745 906 810 Europam
945 760 1122 795 mores
1159 743 1389 809 extirpat
1428 744 1696 794 honestos

292 833 518 884 Sanctus
556 850 685 899 ager
722 833 946 894 Scurris,
986 832 1301 884 venerabilis
1339 849 1431 883 ara
1469 831 1703 883 cinaedis

292 921 486 982 Servit,
528 922 872 973 honorandae
910 921 1094 973 divfim
1136 921 1522 972 Ganimedibus
1561 921 1738 972 aedes.

291 1009 437 1075 Quid
477 1010 732 1062 miramur
769 1026 919 1076 opes,
959 1009 1300 1076 recidivaque
1339 1026 1558 1076 surgere
1597 1010 1773 1060 tecta?

291 1099 487 1149 Thuris
523 1098 732 1150 odorati
770 1097 1020 1164 globulos
1058 1108 1112 1149 et
1149 1110 1410 1164 cynnama
1446 1099 1631 1150 vendit

290 1186 468 1237 Mollis
506 1187 696 1247 Arabs,
738 1187 887 1252 Tyrii
925 1195 1100 1237 vestes
1137 1195 1192 1237 et
1229 1186 1444 1237 muricis
1483 1186 1726 1246 imbrem,

289 1276 451 1326 Indus
489 1277 636 1335 ebur,
676 1292 923 1327 croceum
966 1274 1158 1327 Cilices
1194 1285 1251 1326 et
1288 1275 1513 1326 Tmolus
1551 1275 1792 1336 odorem,

289 1365 395 1415 Mel
436 1364 617 1425 Siculi,
660 1366 855 1416 sermm
898 1365 1180 1431 ChalybeS,
1224 1358 1532 1417 tenuissima
1571 1365 1729 1416 Seres

286 1453 512 1514 Vellera,
555 1454 833 1505 Cretenses
872 1453 1184 1505 mollissima
1221 1454 1360 1514 vina,
1400 1454 1650 1518 Tanager

291 1543 538 1594 Pernices
578 1553 842 1594 mercatur
879 1558 1064 1608 equOS,
1105 1542 1311 1593 venalia
1350 1542 1504 1594 nobis

285 1632 527 1697 Templa,
568 1632 888 1693 sacerdotes,
930 1631 1132 1692 altaria,
1174 1647 1340 1691 sacra,
1382 1645 1628 1692 coronae,

286 1721 460 1786 IgneS,
504 1721 676 1781 thura,
718 1737 919 1786 preces»,
953 1721 1160 1771 coelum
1202 1729 1283 1771 est
1320 1721 1522 1782 venale,
1566 1721 1837 1786 Deusque.

447 1811 697 1875 (Xystum
737 1810 834 1860 IV
860 1811 1070 1874 Papam
1108 1806 1409 1860 cohortatur
1443 1811 1518 1859 ad
1549 1810 1821 1860 coercenda
1859 1811 2030 1875 vitia).

435 1900 606 1964 Xyste
644 1908 811 1964 pater,
853 1898 974 1949 fidei
1015 1908 1212 1959 custOS,
1253 1898 1540 1964 oviumque
1579 1897 1849 1964 magister,
1878 1888 1880 1890 ¹

287 1987 436 2052 Quas
475 1989 645 2038 bonus
683 1987 852 2038 effuso
893 1988 1122 2038 moriens
1161 1987 1215 2037 in
1253 1987 1513 2053 sanguine
1551 1997 1735 2053 pastor

286 2076 472 2126 Abluit
508 2076 697 2127 aetatis
734 2077 994 2127 damnosa
1030 2077 1242 2127 licentia
1281 2085 1509 2137 nostrae,

275 2166 461 2230 Quam
502 2175 739 2216 veterum
779 2180 990 2230 semper
1028 2181 1269 2216 crescens
1306 2163 1508 2215 incuria
1545 2174 1775 2230 patrum,

284 2254 354 2303 Et
392 2254 574 2304 sceleri
614 2254 854 2319 pandens
893 2254 1115 2314 aditum,
1158 2270 1442 2319 moresque
1478 2269 1694 2304 severos

283 2344 543 2393 Aversata
580 2343 734 2408 parit,
778 2352 868 2393 tua
907 2344 1100 2394 sentiat
1137 2359 1302 2404 arma,
1342 2351 1529 2394 coerce

285 2432 440 2481 Hanc
479 2431 660 2492 vitem,
703 2431 918 2497 ancipiti
959 2448 1136 2483 ramos
1176 2447 1359 2497 preme
1396 2432 1529 2482 falce
1567 2441 1841 2497 vaganteS‚

282 2520 530 2585 Namque
569 2520 708 2571 seros
747 2521 945 2571 fructus
985 2531 1039 2571 et
1077 2521 1282 2572 tristem
1323 2520 1564 2586 frugibus
1603 2520 1847 2570 umbram

282 2610 409 2660 Fert
447 2609 660 2670 inculta,
700 2609 878 2661 iacens
919 2610 1169 2661 Cererem
1206 2619 1376 2671 necat,
1416 2619 1644 2675 occupat
1682 2625 1888 2674 agrum.

284 2699 430 2749 Mille
468 2699 568 2750 sub
606 2699 690 2750 his
728 2699 962 2750 latebrae
1003 2699 1144 2751 soliis
1182 2708 1237 2750 et
1275 2699 1420 2750 mille
1459 2715 1676 2765 rapaces

286 2788 404 2837 Hae
441 2788 684 2838 habitant
720 2788 820 2838 sub
857 2788 1044 2840 fronde
1082 2788 1239 2849 serae,
1279 2788 1589 2854 vulpesque,
1630 2787 1849 2854 lupique

287 2876 543 2943 Mitiaque
581 2876 855 2937 invadunt,
896 2877 1200 2944 laniantque
1237 2876 1486 2927 animalia
1524 2877 1739 2943 passim,

285 2965 373 3016 Sic
413 2965 647 3016 cicurum
686 2982 856 3032 genus
894 2983 1052 3017 omne
1090 2966 1244 3032 perit,
1285 2982 1381 3032 per
1418 2966 1579 3017 ovilia
1618 2977 1842 3034 regnant

286 3055 488 3105 Saevus
527 3070 670 3119 aper,
710 3053 874 3120 tigres
913 3054 1145 3121 rapidae,
1187 3055 1482 3105 truculenta
1519 3056 1730 3106 leonum

285 3142 514 3202 Semina,
555 3141 856 3193 multicolor
893 3143 1108 3209 parduS,
1148 3159 1316 3209 gryps
1354 3143 1569 3194 naribus
1606 3144 1771 3205 uncis,

286 3231 355 3282 Et
395 3230 569 3281 variae
607 3232 865 3296 panthera
901 3231 1052 3293 cutis,
1093 3231 1272 3298 gravis
1312 3232 1581 3298 unguibus
1619 3249 1758 3283 ursa.

286 3321 344 3369 In
383 3336 552 3385 genus
590 3319 692 3369 hoc
730 3329 882 3384 pater
919 3336 1067 3371 arma
1105 3335 1278 3381 move,
1319 3337 1414 3371 sua
1453 3337 1650 3386 pascua
1689 3322 1854 3372 redde

286 3408 583 3458 Foecundis
621 3407 826 3468 ovibus,
868 3418 1008 3459 stent
1045 3410 1115 3460 ad
1154 3409 1431 3475 praesepia
1471 3410 1625 3470 tauri,

284 3496 390 3561 Qui
430 3496 639 3562 signata
677 3496 833 3562 iugiS,
873 3497 1144 3563 longoque
1181 3497 1363 3548 attrita
1403 3498 1586 3548 labore

285 3584 435 3635 Colla
474 3595 681 3650 gerunt,
722 3594 1007 3651 postquam
1047 3602 1223 3636 rerum
1263 3596 1317 3637 te
1356 3587 1530 3636 Roma
1568 3596 1838 3652 potentem

288 3673 435 3723 Fecit
472 3683 526 3723 et
563 3673 790 3724 obscuro
831 3673 982 3725 iubar
1019 3675 1122 3725 hoc
1162 3674 1487 3739 resplenduit
1524 3675 1658 3735 orbi,
