2508 3978
1208 106 1442 147 ..7,-

375 216 646 267 Ausoniae
683 217 930 277 lacerant,
972 233 1076 268 una
1115 217 1250 269 intra
1289 218 1499 270 moenia
1536 217 1687 276 livor,

375 303 631 364 Ambitio,
673 303 982 372 nummique
1020 304 1135 356 sitis
1171 319 1512 372 corrumpere
1550 320 1743 365 morffi,

379 392 453 442 Ut
489 409 712 457 coepere
750 390 884 457 pios,
925 389 1068 443 nulla
1104 401 1186 445 est
1221 395 1516 446 reverentia
1554 393 1699 454 recti,

379 480 538 530 Nulla
574 480 724 546 quies
762 480 966 542 animi5‚
1006 481 1288 548 nullusque
1325 482 1562 535 salutifer
1601 481 1717 534 urbi

380 568 540 629 Civis,
581 585 711 634 opes
748 569 952 634 patriae
987 570 1215 636 rapiunt,
1255 572 1458 623 aeraria
1495 573 1716 636 nudant,

379 658 451 708 Et
487 674 769 708 commune
806 658 1005 709 bonum
1043 659 1097 709 in
1135 661 1382 726 proprios
1419 661 1641 713 elabitur
1683 676 1823 715 usus,

381 746 500 795 Hae
538 762 734 810 pravae
771 745 984 797 vivendi
1024 756 1180 808 arteS,
1222 749 1353 799 h'aec
1392 748 1622 814 pessima
1660 764 1868 799 morum

380 834 665 894 ColluvieS‚
705 834 860 886 nobis
897 834 1061 886 latum
1104 836 1195 902 qui
1234 838 1467 888 reximus
1505 838 1690 888 orbem

379 923 616 974 Abstulit
654 923 951 988 imperium,
994 926 1332 992 Romamque
1370 927 1540 978 aliena
1578 926 1756 992 coegit

381 1012 503 1060 Iura
542 1011 686 1076 pati;
726 1011 947 1063 serviret
985 1013 1176 1074 adhue,
1218 1013 1317 1064 nisi
1358 1015 1582 1079 provida
1624 1013 1808 1064 Narsis

383 1100 525 1150 Cura
562 1099 889 1160 redemisset,
930 1101 1086 1165 pulso
1114 1090 1376 1167 ⁴capitolia
1414 1103 1614 1154 Gotho.

382 1188 535 1253 Quae
572 1188 747 1253 rapuit
786 1199 961 1253 patres
999 1191 1186 1241 eadem
1226 1191 1436 1242 fortuna
1474 1201 1694 1257 nepotes

383 1277 699 1344 Insequitur,
741 1278 876 1329 viret
913 1288 1125 1330 aeterna
1163 1294 1278 1331 sors
1317 1297 1505 1346 aspera
1542 1281 1745 1331 fronde.

384 1367 645 1431 Prospera
683 1367 949 1418 brumales
986 1367 1194 1434 pluvias
1233 1378 1286 1419 et
1323 1368 1520 1435 frigora
1557 1369 1731 1420 sentit.

383 1456 652 1521 Astraque
691 1455 954 1506 debilibus
994 1472 1100 1508 non
1139 1458 1240 1508 fert
1278 1459 1518 1510 ardentia
1555 1459 1732 1518 ramiS,

383 1545 564 1609 Atque
602 1545 774 1594 omnis
814 1544 965 1595 timet
1003 1545 1259 1611 incursuS,
1299 1542 1539 1613 aevoque
1578 1545 1804 1598 senescit

385 1633 589 1697 Sponte
625 1650 738 1702 sua,
778 1650 896 1684 cum
937 1634 1041 1684 fixa
1079 1650 1314 1697 manens,
1353 1635 1663 1701 stabilisque
1701 1643 1933 1700 putatur,

386 1721 599 1772 Occidit
637 1719 921 1789 extemplo,
961 1723 1205 1789 fugitque
1243 1723 1405 1775 infida
1444 1733 1676 1790 repente.

387 1810 543 1860 Sorte
581 1827 676 1860 sua
715 1818 945 1871 utantur,
987 1811 1072 1861 lex
1109 1821 1191 1862 est
1231 1813 1378 1863 Deus
1415 1812 1662 1863 omnibus
1702 1828 1887 1876 aequa,

386 1899 561 1948 Omne
600 1899 747 1965 quod
786 1917 818 1950 a
855 1899 1076 1965 Superis
1114 1900 1310 1951 bellu'm
1349 1911 1447 1960 est,
1489 1898 1786 1951 revocabile
1824 1915 1930 1949 non
1967 1908 2063 1957 est,

387 1988 495 2038 Sed
531 2005 706 2053 neque
742 2005 835 2038 rex
873 1988 1032 2038 Erebi
1072 2005 1395 2055 quemquam
1436 2000 1645 2040 tranare
1682 1988 1954 2054 paludem,

389 2078 501 2127 Nec
540 2069 759 2141 Superis
797 2077 988 2128 iterum
1028 2077 1180 2129 reddi
1219 2078 1375 2129 sinit:
1417 2086 1498 2129 est
1535 2077 1624 2143 pia
1662 2094 1799 2143 quae
1839 2085 1905 2136 te,

389 2166 634 2226 Romule,
675 2183 803 2216 cura
841 2176 1036 2227 movet,
1078 2166 1173 2217 s'ed
1211 2166 1423 2217 subdita
1460 2166 1669 2232 legibus
1709 2165 1853 2226 Orci,

390 2256 503 2305 Nos
542 2254 656 2305 istis
695 2264 909 2305 aeterna
946 2253 1116 2320 ligant
1153 2255 1423 2320 ergastula
1460 2254 1678 2319 campiS,

389 2346 502 2395 Nec
539 2344 662 2394 licet
700 2345 770 2394 ad
807 2344 1037 2410 patrium
1064 2344 1242 2405 limen,
1282 2345 1596 2410 coelumque
1635 2343 1843 2394 reverti.

392 2433 594 2484 Felices
633 2432 856 2494 animae,
895 2433 1078 2483 sedem
1117 2432 1311 2498 quibus
1349 2432 1578 2483 aetheris
1617 2431 1709 2482 alti

390 2522 627 2588 Iuppiter
665 2521 920 2587 indulget,
960 2531 1183 2588 possunt
1219 2538 1283 2572 ea
1320 2522 1430 2572 fata
1469 2537 1698 2571 movere.

391 2612 504 2662 Nos
543 2611 687 2661 orbis
719 2610 999 2677 'quondam
1041 2610 1257 2662 Domini
1296 2610 1556 2661 servimus
1595 2610 1828 2670 Avern0,

391 2702 523 2751 Fata
562 2708 755 2766 regunt
792 2698 928 2760 illae,
971 2708 1283 2764 terrenaque
1322 2714 1487 2764 regna
1525 2699 1838 2763 gubernant.

391 2791 553 2840 Verte
591 2789 695 2839 alio
735 2797 982 2848 mentem,
1023 2804 1120 2839 nec
1158 2802 1256 2838 nos
1295 2804 1358 2838 ea
1395 2803 1522 2837 cura
1560 2785 1762 2852 fatiget,

392 2879 474 2931 Sit
507 2879 639 2930 satis
676 2877 835 2928 exilio
872 2877 1026 2928 nobis
1050 2877 1262 2928 leviore
1299 2876 1482 2929 teneri.

641 2969 1069 3032 (Enumerantur
1089 2967 1316 3031 flagitia
1353 2983 1488 3031 quae
1526 2965 1721 3016 cladem
1762 2965 2043 3028 inferunt).

544 3057 645 3107 His
684 3056 891 3107 animae
928 3055 1085 3106 dictis
1123 3065 1279 3106 coetu
1317 3055 1508 3106 siluere
1548 3053 1747 3104 relicto,

395 3147 602 3196 Interea
640 3154 846 3195 nostras
885 3142 1024 3195 odiis
1062 3143 1410 3209 flagrantibus
1450 3143 1607 3194 urbes

395 3236 654 3285 Exercent
691 3233 884 3293 furiae;
925 3245 1022 3298 per
1060 3249 1196 3293 rura,
1237 3248 1333 3297 per
1368 3231 1571 3297 oppida
1609 3230 1776 3282 saevit

396 3323 581 3374 Martis
620 3339 771 3388 opuS,
816 3320 1063 3387 Petrique
1100 3321 1293 3371 domus
1333 3321 1537 3386 polluta
1575 3318 1755 3370 fluenti

396 3411 672 3462 Marcessit
711 3410 883 3464 fluxu:
925 3409 1069 3459 nulla
1107 3408 1194 3459 hic
1232 3422 1423 3459 arcana
1462 3407 1657 3468 reve10,

397 3502 518 3551 Non
559 3500 742 3564 ignota
780 3498 987 3563 loquor,
1029 3497 1185 3548 liceat
1222 3497 1442 3562 vulgata
1481 3495 1691 3546 referre.

395 3589 484 3640 Sic
522 3589 694 3647 urbes,
735 3586 1028 3653 populique
1065 3586 1254 3646 ferunt,
1295 3583 1381 3635 hic
1420 3600 1599 3635 rumor
1637 3584 1705 3634 ab
1744 3591 1923 3632 austro

396 3676 711 3728 Cimmerios
742 3675 888 3726 ultra
925 3674 1108 3725 latices
1147 3689 1243 3739 per
1278 3688 1445 3739 opaca
1483 3670 1685 3723 silentis
