2508 3978
1264 102 1410 153 —.,36
1441 123 1497 130 -.

430 219 491 268 In
530 219 734 285 rigidos
771 236 938 279 enses,
979 219 1288 285 alternaque
1325 219 1551 270 *vulnera>
1581 216 1757 270 mittit.

427 307 845 372 SanguinOIenta
883 307 1032 373 gravi
1073 306 1286 358 vibrans
1324 302 1717 358 hastilia'serro·

427 395 569 444 Bella
607 395 765 455 ciens,
806 395 1053 460 rixasque
1091 411 1326 462 movens,
1365 395 1682 461 hostemque
1719 396 1998 459 lacessens,

426 483 615 551 Labra,
655 500 948 550 manusque
986 482 1509 543 tremitgscintillant
1543 483 1745 534 lumina
1783 485 1949 536 torvis

423 573 467 622 F
471 572 579 622 ulta
617 572 926 638 superciliis,
967 572 1156 637 strepit
1193 581 1248 622 et
1284 572 1516 622 convitia
1553 572 1784 623 iactans,

419 661 740 712 Bacchatur:
781 661 826 712 si
864 662 1000 712 forte
1036 661 1216 727 aliquo
1255 661 1440 726 nequit
1476 661 1629 712 obice
1666 678 1866 727 poenas

415 750 654 810 Sumere,
695 749 955 800 vindictas
989 750 1047 799 in
1086 749 1278 800 idonea
1316 758 1571 814 temporat
1597 750 1789 811 differt,

414 839 607 905 Fitque
645 839 846 900 odium,
887 839 1037 905 quod
1061 839 1234 904 ”longa
1271 839 1455 889 fovens
1493 833 1735 889 incendia
1773 850 1955 905 pectus

413 928 534 979 Urit
571 938 626 978 et
663 929 897 979 accensis
935 927 1471 993 lambitpraecordia
1508 927 1751 981 flammis,

411 1017 500 1067 Nil
541 1017 707 1082 pensi,
747 1018 819 1067 nil
860 1016 1051 1067 mentis
1089 1017 1266 1077 habet,
1307 1016 1414 1067 cito
1454 1017 1682 1077 mobilis,
1723 1034 1911 1082 expers

408 1106 645 1166 Consilii,
685 1106 831 1156 volat
869 1106 922 1156 in
961 1122 1214 1172 pugnarn,
1255 1105 1543 1155 retinacula
1581 1106 1799 1171 rumpit.

406 1196 568 1261 Lege,
610 1192 880 1262 modoque
917 1212 1117 1255 carens,
1158 1194 1346 1245 rabido
1384 1194 1654 1245 stimulata
1692 1195 1871 1246 colore

405 1285 527 1334 Non
567 1284 734 1350 ignes,
775 1302 881 1335 non
920 1301 1068 1334 arma
1106 1284 1271 1344 timet,
1313 1283 1639 1333 flammantia
1677 1293 1854 1335 tantos
1923 1315 1926 1318 -

403 1374 624 1424 Pectora
663 1374 968 1439 concipiunt
1005 1373 1523 1439 accensisanguinis
1561 1383 1754 1424 aestuS.

1129 1463 1278 1527 (Irae
1314 1461 1564 1527 effectus).

545 1552 668 1616 Quo
707 1552 842 1602 ferat
880 1551 1125 1601 immanis
1163 1551 1310 1602 furor
1342 1560 1399 1601 et
1436 1550 1616 1616 gravis
1655 1551 1885 1617 impetus
1923 1553 2048 1615 irae,

397 1639 600 1690 Fabula
640 1640 962 1713 Thestiadae
1000 1639 1187 1705 priscis
1227 1648 1409 1690 monet
1441 1649 1597 1689 eruta
1636 1639 1850 1691 chartis,

394 1727 529 1778 Cum
568 1729 709 1780 ferus
749 1729 983 1780 Oenides
1022 1744 1209 1794 aprum
1249 1727 1546 1792 Calydonia
1584 1745 1706 1778 rura

391 1817 701 1868 Vastantem
740 1828 1006 1884 premeret
1041 1831 1321 1883 procerum
1360 1816 1644 1867 socialibus
1683 1819 1870 1878 armiS,-

388 1906 722 1973 Auxiliisque
759 1924 965 1966 canum,
1006 1905 1274 1972 spumanti
1312 1900 1552 1956 concitus
1588 1905 1682 1965 ira,

387 1995 431 2044 F
436 1995 772 2062 ulmineoque
808 1996 1036 2046 fremens
1073 1995 1267 2045 Aetola
1304 2011 1400 2060 per
1437 1992 1652 2060 agmina
1691 1995 1851 2046 dente

387 2085 722 2150 Irrumpebat
759 2102 902 2151 aper,
942 2103 1049 2136 non
1088 2085 1235 2135 illum
1275 2085 1439 2135 densa
1476 2083 1712 2134 virorum

384 2174 584 2223 Turma
621 2191 717 2225 nec
755 2174 990 2225 hinnitus
1029 2174 1259 2224 celerum
1299 2173 1590 2224 tremefecit
1628 2188 1903 2239 equorum.

383 2262 643 2313 Strenuus
682 2263 898 2314 arrectis
936 2263 1146 2314 hirsuto
1183 2272 1396 2328 tergore
1433 2261 1590 2312 setis»

379 2350 731 2402 Flammiferis
769 2352 935 2403 oculis
973 2352 1150 2416 sylvas
1190 2361 1243 2401 et
1281 2351 1414 2401 retia
1452 2367 1718 2416 rumpenS,

377 2440 499 2505 Qua
537 2442 683 2492 furor
721 2442 947 2508 urgebat
984 2440 1172 2506 rapido
1210 2457 1306 2506 per
1344 2439 1547 2505 spicula
1584 2454 1739 2490 cursu

377 2529 583 2596 Perque
622 2548 812 2581 canum
851 2530 1030 2591 rictus,
1071 2529 1440 2595 venabulaque
1478 2529 1595 2595 ipsa
1623 2529 1834 2579 ruebat.

375 2619 498 2668 Non
538 2632 705 2669 secus
726 2619 858 2670 haec
893 2619 1066 2670 rabies
1096 2618 1309 2669 ardenti
1330 2618 1550 2683 percita
1572 2612 1692 2667 ‘bile

374 2706 687 2758 Luminibus
725 2707 899 2758 coecis
937 2712 1254 2773 peraperta
1291 2707 1525 2772 pericula
1562 2707 1741 2760 fertur.

374 2795 417 2843 F
420 2794 645 2846 elsineos
685 2796 1022 2847 toties‘cives
1062 2796 1114 2846 in
1153 2797 1269 2847 dira
1307 2796 1486 2862 coegit

369 2883 591 2934 Excidia
629 2894 684 2935 et
721 2884 867 2935 furiis
906 2885 1169 2950 trepidam
1208 2885 1598 2936 involventibus
1637 2885 1821 2936 urbem

370 2971 429 3020 In
469 2973 664 3023 ferrum
704 2991 857 3025 ruere
889 2984 1051 3040 atque
1089 2974 1361 3024 securibus
1399 2974 1565 3025 ardua
1604 2984 1742 3025 tecta

368 3062 663 3113 Detrahere
701 3073 754 3113 et
793 3063 994 3123 patrios
1031 3063 1258 3113 flammis
1297 3063 1498 3114 violare
1534 3073 1753 3128 penates

367 3150 656 3216 Compulit,
697 3151 1051 3218 antiquosque
1088 3162 1297 3217 patrum
1338 3151 1516 3203 delere
1553 3151 1777 3202 labores,

363 3238 472 3289 Sed
511 3249 796 3305 postquam
836 3240 1053 3291 domitis
1090 3240 1346 3291 scelerum
1385 3240 1679 3291 cervicibus
1718 3250 1903 3291 auctor

360 3327 573 3378 Occidit
611 3338 664 3377 et
701 3328 888 3379 rutilos
928 3329 1117 3380 Serrae
1155 3329 1440 3381 concordia
1479 3329 1665 3379 dentes

359 3417 526 3482 Signa
565 3418 685 3468 tulit
722 3418 907 3483 primis
945 3420 1334 3485 populus-cum
1375 3419 1612 3484 patribus
1650 3419 1757 3470 alte
1818 3416 1822 3419 ”

360 3506 560 3556 Defixis
600 3507 800 3557 urbana
839 3507 989 3572 quies
1014 3507 1296 3558 radicibus
1334 3507 1505 3558 haesit

356 3594 533 3658 Atque
571 3595 742 3659 gradu
782 3613 993 3661 semper
1032 3596 1223 3647 mansit
1261 3597 1558 3662 respublica
1598 3598 1766 3648 firmo.
