2508 3978
1061 101 1268 153 -65,

221 221 521 280 GressibuS,
562 221 693 272 haec
731 237 837 272 non
877 230 959 271 est
1002 219 1178 271 audax
1214 218 1475 274 industria
1512 217 1647 271 dixit

222 312 496 361 Romanae
535 308 761 370 virtutis,
799 325 971 375 aquae
1008 324 1218 360 sensere
1258 308 1584 360 Tonantem:

222 400 373 450 Haec
411 398 486 449 ait
524 408 577 449 et
614 397 823 464 fugiens
861 397 995 452 imas
1032 414 1091 447 se
1128 396 1284 447 torsit
1321 396 1374 447 in
1414 395 1598 450 undas.

566 486 823 552 (Reliqua
860 484 1108 548 beneficia
1145 489 1197 535 et
1231 484 1492 535 miracula
1537 483 1776 546 Christi).

370 575 602 641 Imperio
640 583 920 626 ventorum
958 572 1081 633 iras,
1121 571 1406 639 pelagique
1444 572 1675 623 furorem

221 663 434 723 Pressit,
476 663 528 713 in
568 661 778 714 excelso
815 660 1041 712 Galilaei
1081 660 1278 711 vertice
1316 659 1511 711 montis

220 752 347 813 Ora,
389 767 591 810 manuS,
632 749 816 801 oculos
853 759 907 800 et
943 758 1160 815 pectora
1197 756 1380 801 sancta
1418 748 1575 799 beato

222 839 446 891 Lumine
483 839 725 905 perfusus
763 838 936 904 patuit
975 838 1139 896 Deus,
1180 836 1395 889 aethere
1432 836 1639 902 lapsum

221 929 433 978 Numen
472 937 527 978 et
564 927 760 978 albenti
800 926 1050 978 vestitum
1090 925 1245 978 nubis
1283 924 1479 977 amictu

218 1016 457 1077 Adstitit,
498 1015 751 1069 auricomi
790 1015 968 1066 sonuit
1006 1014 1200 1080 globus
1238 1014 1374 1065 aeris
1412 1014 1616 1079 ingens,

218 1105 467 1156 Carmine
506 1122 611 1155 non
651 1103 878 1170 magico,
917 1120 1023 1154 non
1061 1103 1113 1154 vi
1152 1101 1517 1155 medicaminis
1555 1101 1663 1155 ulla

221 1194 515 1244 Defunctos
554 1193 743 1243 iterum
782 1192 947 1244 vitam
986 1191 1258 1242 revocavit
1295 1190 1348 1242 in
1388 1200 1550 1242 artus·

219 1282 499 1348 Emigrare
535 1282 679 1333 leves
717 1281 936 1341 animas,
976 1290 1226 1346 retroque
1264 1279 1469 1331 reverti·

221 1370 530 1436 Obstupuit,
571 1370 874 1436 celeresque
907 1370 1136 1420 fremens
1176 1369 1333 1420 Pluto
1372 1368 1545 1420 induit
1582 1367 1703 1420 iras.

222 1458 502 1524 Languida
541 1475 678 1524 quae
715 1457 859 1508 nulla
898 1457 1039 1523 potis
1077 1466 1159 1508 est
1197 1457 1429 1511 humana
1467 1456 1648 1508 iuvare

219 1548 324 1597 Ars
363 1564 482 1614 ope,
522 1563 618 1613 per
654 1547 801 1598 vicos
839 1545 1104 1612 gradiens,
1145 1563 1242 1612 per
1278 1562 1416 1606 rura,
1457 1562 1553 1612 per
1590 1545 1763 1606 urbes,

223 1637 377 1686 Nunc
416 1652 587 1702 prece,
628 1653 767 1685 nunc
804 1634 921 1686 solo
958 1635 1181 1686 sanabat
1219 1650 1445 1699 corpora
1484 1643 1645 1685 tactu.

222 1725 417 1776 Sancta
458 1724 559 1774 Dei
600 1733 811 1774 tenuem
849 1722 1020 1789 pietas
1059 1723 1244 1774 induta
1283 1723 1527 1788 figuram,

221 1815 344 1864 Non
384 1822 627 1879 pertaesa
665 1812 824 1863 rudes
862 1810 1069 1865 animos
1108 1811 1532 1877 moribundaque
1571 1811 1824 1872 membra,

221 1902 382 1952 Ferre
421 1918 517 1951 nec
553 1900 757 1951 aestivo
795 1899 1020 1966 graciles
1059 1916 1342 1966 aspergere
1379 1900 1587 1965 plantas

223 1990 462 2050 Pulvere,
486 2006 599 2040 nec
638 1987 793 2040 luteis
830 1987 1058 2054 vestigia
1094 2005 1293 2054 ponere
1329 1988 1532 2054 campis

223 2079 463 2138 Erubuit,
506 2079 732 2129 tolerare
768 2077 961 2129 samem
1002 2076 1255 2143 pascique
1293 2094 1389 2143 per
1426 2094 1586 2143 agros

219 2166 578 2227 GraminibuS,
619 2166 895 2232 vitreoque
932 2165 1074 2217 sitim
1114 2166 1432 2233 restringere
1470 2166 1586 2220 rivo

222 2256 392 2306 Dulce
430 2254 542 2315 fuit,
584 2254 853 2320 coluitque
892 2254 1110 2320 inopum
1149 2254 1451 2308 consortia:
1494 2263 1690 2306 tantus.

219 2343 400 2393 Ardor
436 2342 490 2393 in
528 2358 750 2393 accenso
788 2342 1046 2406 regnabat
1084 2350 1317 2407 pectore,
1360 2342 1520 2394 tantis

221 2431 455 2482 Curabat
493 2430 683 2482 studiis
721 2430 952 2483 humana
989 2430 1221 2496 negotia,
1262 2440 1321 2483 ut
1358 2431 1533 2496 ipsum

219 2522 454 2571 Aethera
492 2520 596 2570 iam
636 2528 833 2585 posset,
873 2535 1097 2585 seseque
1134 2519 1301 2571 oblita
1339 2519 1538 2572 videri:

219 2611 360 2660 Ante
400 2609 570 2674 ipsam
610 2617 875 2674 quotquot
912 2608 1188 2660 hominum
1226 2625 1548 2675 componere
1588 2625 1764 2660 mores

220 2698 428 2758 eonati,
468 2707 701 2748 statuere
738 2697 975 2756 modum,
1016 2713 1365 2763 normamque
1403 2697 1599 2750 dedere

219 2785 464 2846 Vivendi,
504 2786 587 2835 vel
626 2802 724 2850 pro
763 2784 919 2836 certis
959 2784 1158 2836 incerta
1196 2785 1422 2844 suerunt,

221 2876 265 2925 F
267 2875 444 2925 alsave
484 2891 581 2939 pro
620 2874 775 2933 veriS,
816 2873 900 2924 vel
939 2891 1045 2925 non
1084 2874 1315 2940 perfecta
1353 2873 1545 2928 locuti:

222 2963 363 3013 Hinc
400 2972 550 3028 pater
586 2962 923 3028 omnipotens
962 2962 1168 3014 animos
1207 2962 1487 3015 miseratus
1526 2963 1736 3025 inerte5‚

219 3052 399 3117 Atque
438 3050 724 3101 imbecilles
761 3068 946 3103 sensus
983 3061 1038 3102 et
1075 3061 1292 3117 pectora
1331 3052 1498 3113 tarda,

220 3141 543 3190 Immensum
585 3139 701 3190 Eoo
740 3139 992 3190 reseravit
1029 3140 1097 3190 ab
1135 3141 1349 3193 aethere
1387 3140 1598 3192 lumen:

223 3227 646 3294 progeniemque
696 3245 846 3278 suam
886 3245 1097 3279 summo
1134 3228 1349 3281 demisit
1388 3229 1642 3295 Olympo,

773 3317 1096 3381 (Enumerat
1127 3317 1375 3383 beneficia
1414 3319 1562 3381 Dei).

370 3405 519 3455 Haec
558 3413 680 3454 sunt
719 3404 825 3465 illa,
866 3404 1058 3471 quibus
1099 3406 1246 3457 Deus
1286 3405 1578 3458 instaurare
1616 3407 1873 3459 caducum
1911 3451 1913 3453 .

223 3493 457 3543 Naturae
494 3492 718 3544 labentis
755 3509 891 3558 opus
930 3493 1151 3544 tentavit
1187 3503 1242 3544 et
1277 3494 1424 3545 omni

221 3581 458 3632 Conatus
496 3580 676 3633 studio
715 3589 920 3632 veteres
961 3591 1198 3632 avertere
1237 3581 1471 3633 morbos.

221 3669 295 3719 Ut
334 3667 531 3733 patrias
570 3669 770 3730 sordeS,
811 3668 1116 3743 crimenque
1154 3669 1390 3721 aboleret
1427 3670 1645 3731 avitum,
