2508 3978
1177 94 1411 135 ..η-

404 206 664 270 'Baptista
690 214 867 255 noster
903 203 1197 258 suitetiam
1240 204 1474 268 Legatus
1503 203 1695 253 Leonis
1719 204 1773 253 X
1811 220 1909 269 pro
1946 205 2313 270 componenda

273 310 403 358 pace
441 293 576 343 inter
616 292 951 343 Franciscum
993 292 1317 341 Francorum
1358 307 1536 356 regem
1578 301 1631 341 et
1671 293 1874 353 Ducem
1913 292 2212 344 Mediolani.
2241 304 2315 343 at-

273 399 378 447 que
435 380 728 441 HelvetiOS,
781 390 839 429 ut
889 389 1036 444 patet
1085 396 1149 429 ex
1187 378 1376 434 litteris
1434 379 1702 430 Pontificis
1761 378 1826 429 13
1865 379 1983 438 Iulii
2045 381 2184 431 1515
2241 383 2316 447 ad

272 478 484 539 poetam
507 470 602 533 (¹.)

269 696 569 756 obiectiones
590 712 701 755 facit
730 712 778 755 in
812 701 1311 755 Causis‘Sanctorum.
1348 713 1530 754 Revera
1562 712 1722 755 omnia
1745 713 2001 767 praecipua
2033 697 2317 767 argumenta

271 787 374 830 eius
405 792 572 829 contra
604 785 751 829 vitam
783 791 832 828 et
861 775 1010 840 opera
1043 785 1093 827 B.
1124 785 1368 828 Mantuani
1402 787 1575 828 eadem
1607 791 1733 840 sunt,
1758 799 1882 840 quae
1913 786 2166 841 proposuit
2203 783 2318 841 x885'

269 861 318 903 in
350 860 484 904 Actis
514 861 763 903 Processus
792 858 1151 910 Beatificationis
1185 860 1436 903 Promotor
1467 860 1602 902 Fidei
1635 866 1684 903 et
1715 873 1840 915 quae
1871 860 2015 903 solvit
2050 861 2315 915 plenariam

271 936 333 977 ad
379 934 754 977 satisfactionem
815 934 1141 977 cardinalium
1187 935 1236 976 S.
1287 935 1466 987 Congr.
1514 935 1707 977 Rituum
1742 935 2028 978 Advocatus
2077 935 2311 978 Lauretus

272 1009 479 1054 Carboni
511 1009 558 1051 in
591 1021 673 1062 pp.
708 1019 768 1061 74
797 1014 847 1051 et
877 1021 937 1061 30
968 1008 1015 1051 in
1047 1007 1176 1051 folio.
1209 1008 1490 1051 cardinales
1521 1021 1637 1052 sane
1669 1008 1838 1052 melius
1868 1010 1932 1052 de
1962 1010 2232 1052 moralitate
2263 1015 2317 1053 et

270 1083 488 1126 doctrina
518 1082 731 1125 iudicare
761 1087 966 1138 possunt
984 1094 1131 1136 quam
1162 1081 1332 1136 aliquis
1364 1082 1444 1136 qui
1475 1082 1598 1124 ideis
1627 1074 2022 1126 anticlericalismi
2055 1095 2317 1137 praeoccu-

270 1162 441 1222 patus
443 1156 644 1200 videtur.
680 1156 781 1199 Sed
802 1155 920 1199 Acta
941 1154 1302 1211 Bealzficatimaeis
1331 1155 1436 1210 ipsa
1456 1155 1711 1199 consultari
1734 1163 1950 1210 possunt.
1986 1157 2151 1200 Plures
2182 1157 2315 1201 obie—

269 1231 476 1273 ctiones
487 1231 631 1274 Ferd
667 1230 883 1273 Gabotto
925 1244 1021 1273 non
1054 1222 1279 1272 videntur
1306 1229 1473 1279 seriae,
1512 1230 1623 1284 quia
1653 1229 1755 1273 illas
1789 1227 2064 1274 professore
2093 1230 2318 1284 indignas

268 1305 444 1348 iudico.
495 1304 765 1360 Aliquoties
797 1305 941 1347 etiam
983 1313 1204 1348 auctores
1237 1306 1471 1360 allegatos
1513 1319 1609 1348 non
1640 1311 1824 1348 attente
1865 1305 1981 1359 legit
2021 1311 2070 1348 et
2099 1306 2212 1348 ideo
2242 1318 2314 1348 er—

268 1378 404 1420 ravit.
440 1378 494 1420 ln
527 1377 761 1432 principio
792 1379 863 1420 sui
895 1378 1077 1421 articuli
1109 1384 1271 1421 tamen
1303 1380 1497 1422 scribit:
1542 1378 1738 1422 Ballista
1776 1379 2058 1422 Mantovano
2093 1379 2213 1422 tiene
2251 1393 2314 1421 un

258 1453 395 1506 posto
421 1451 628 1508 cospicuo
657 1453 776 1494 nella
814 1451 961 1495 storia
995 1452 1239 1505 letteraria
1269 1452 1348 1496 del
1377 1452 1723 1496 Rinascimento
1752 1459 1842 1509 per
1881 1453 1912 1494 l‘
1933 1455 2032 1496 arte
2076 1453 2191 1496 delle
2234 1466 2317 1496 sue

260 1526 430 1581 poesia
438 1526 583 1569 latine
613 1532 706 1569 etc.
739 1526 812 1570 Cf.
845 1525 1067 1588 Analecta
1098 1526 1406 1570 Bollandiana
1437 1527 1701 1590 X1V,23o.

416 1601 466 1643 Si
498 1601 606 1655 quis
636 1601 727 1643 alia
757 1600 932 1643 iudicia
963 1607 1132 1644 eontra
1165 1602 1408 1656 Baptistae
1440 1606 1666 1655 poemata
1697 1601 1903 1656 quaerit,
1939 1603 2082 1645 adeat
2114 1602 2313 1644 Baillet:

273 1673 526 1730 sugements
553 1674 632 1717 des
661 1673 860 1717 Savanls
889 1687 972 1717 sur
1000 1675 1066 1718 les
1094 1674 1250 1718 Foetes
1280 1674 1542 1718 llffodernes.
1579 1674 1648 1717 Ibi
1681 1675 1893 1717 inveniet
1926 1682 2174 1718 auctorem
2210 1676 2314 1718 Ian-

267 1743 463 1790 senisrni
495 1747 748 1798 fautorem,
782 1743 870 1790 sed
902 1747 1199 1791 obiectiones
1238 1747 1335 1791 iam
1365 1748 1521 1791 solide
1561 1754 1610 1790 et
1638 1749 1781 1802 plene
1821 1749 1964 1791 solvit
2005 1749 2053 1791 P.
2094 1749 2314 1792 Floridus

266 1821 530 1865 Ambrosio
559 1822 608 1864 in
640 1834 789 1876 opere
819 1822 966 1865 citato
999 1835 1047 1876 p.
1090 1825 1296 1876 ¹85·¹93·

418 1896 473 1952 (¹)
510 1898 563 1939 In
594 1897 673 1939 lib.
707 1909 735 1947 4
783 1897 1067 1940 Fastorum:
1117 1897 1195 1939 De
1224 1896 1309 1940 SS.
1345 1895 1568 1939 Leonibus
1614 1898 1773 1951 Papae
1816 1896 1966 1940 Leoni
1999 1898 2058 1948 X,
2093 1898 2166 1940 cui
2209 1905 2311 1940 erat

267 1972 406 2032 valde
437 1977 668 2025 acceptus
698 1978 748 2014 et
777 1984 901 2026 opus
931 1971 1188 2023 dedicavit,
1209 1972 1357 2014 libere
1389 1972 1477 2014 tria
1506 1972 1891 2022 commendavit:
1925 1984 2095 2026 pacem
2129 1971 2310 2022 Italiae,

265 2045 659 2089 reformationem
689 2035 863 2089 Curiae
897 2047 1143 2089 Romanae
1174 2050 1224 2088 et
1253 2046 1432 2089 bellum
1463 2051 1630 2089 contra
1662 2046 1875 2088 Turcas:

506 2133 532 2160 ι
555 2119 732 2173 Magna
762 2120 1084 2173 gerendarum
1114 2110 1336 2173 superest
1365 2119 1449 2162 tibi
1481 2119 1622 2172 copia
1651 2131 1825 2170 rerum,

501 2194 682 2238 Sancte
711 2193 865 2248 Pater,
895 2206 999 2237 rem
1030 2206 1258 2247 magnam
1287 2193 1449 2236 auimo
1479 2193 1804 2248 complectere
1835 2194 2021 2247 grandi.

501 2269 601 2311 Sed
630 2267 718 2311 tria
749 2267 1032 2323 praesertim
1065 2273 1248 2310 restant
1277 2280 1391 2311 cura
1421 2274 1567 2323 atque
1597 2267 1763 2310 labore

504 2341 664 2395 Digna
694 2348 795 2393 tuo,
825 2341 1007 2384 bellum
1035 2341 1363 2395 estprimum,
1398 2353 1496 2396 quo
1527 2341 1652 2384 fessa
1683 2341 1870 2384 laborat

503 2415 654 2467 ltalia,
687 2421 738 2458 et
769 2415 895 2469 pleni
928 2414 1140 2458 humano
1170 2416 1266 2458 iam
1297 2415 1534 2468 sanguine
1565 2416 1737 2468 campi.

507 2490 591 2531 Est
620 2488 764 2539 aliud.
797 2489 1014 2533 Romana
1037 2486 1178 2543 ‘gravi
1210 2489 1449 2532 maculata
1484 2502 1668 2533 veneno

499 2563 663 2615 Curia,
696 2575 823 2618 quae
853 2564 1038 2618 spargit
1066 2569 1217 2606 terras
1249 2564 1471 2616 contagia
1503 2563 1550 2605 in
1582 2575 1768 2606 omnes.

433 2670 438 2674 .
505 2637 807 2680 Postremum
837 2643 912 2680 est
943 2649 1173 2692 oppressa
1205 2635 1325 2680 fides
1355 2643 1557 2691 exposta
1590 2637 1765 2692 rapinis

430 2740 434 2745 ·
505 2711 731 2766 Undique
762 2716 812 2754 et
840 2711 888 2754 in
920 2711 1162 2765 praedam,
1184 2709 1374 2765 populis
1407 2712 1619 2763 proiecta
1650 2710 1871 2754 cruentis.

506 2786 601 2828 Ista
630 2785 741 2836 tuis,
773 2785 992 2828 animose
1025 2784 1143 2835 Leo,
1177 2791 1365 2828 servata
1399 2785 1570 2828 diebus

502 2859 545 2901 A
578 2865 625 2902 te
657 2859 924 2909 subsidium
956 2859 1144 2913 magnis
1174 2859 1464 2914 clamoribus
1494 2865 1649 2901 orant.

502 2933 680 2976 Sancte
711 2934 850 2976 Pater
880 2944 1104 2976 succurre
1138 2933 1252 2981 Leo.
1286 2933 1555 2987 respublica
1588 2933 1761 2976 Christi

477 3039 479 3042 Α
505 3007 716 3060 Labitur,
747 3013 1063 3062 aegrotatque
1095 3006 1216 3050 fides
1247 3008 1340 3050 iam
1374 3007 1590 3061 proxima
1623 3008 1775 3050 morti.

471 3123 475 3127 .
501 3081 548 3124 Si
581 3087 742 3135 potes,
777 3093 837 3124 ex
868 3081 1043 3124 nostris
1075 3080 1200 3125 bella
1232 3081 1352 3124 haec
1384 3081 1595 3124 crudelia
1628 3083 1788 3134 regnis

501 3154 728 3198 Transfer
756 3155 805 3198 in
836 3156 1070 3199 adversos
1099 3154 1272 3199 divinis
1304 3155 1490 3208 legibus
1523 3156 1684 3198 hostes
1706 3170 1748 3199 ».

350 3273 352 3275 ,
415 3229 468 3271 In
501 3229 593 3272 hoc
639 3229 746 3286 ipso
776 3241 942 3282 opere,
976 3229 1076 3272 imo
1104 3229 1210 3282 ipsa
1248 3229 1330 3272 die
1363 3242 1417 3282 25
1452 3229 1736 3273 Decembris
1766 3229 1924 3273 adhuc
1965 3229 2314 3284 mythologiam

263 3302 545 3352 immiscult3
581 3304 668 3346 sed
700 3302 966 3356 generatim
1013 3314 1071 3344 ea
1117 3302 1367 3346 moderate
1399 3303 1558 3346 utitur.
1607 3304 1707 3346 Nos
1738 3303 1885 3346 etiam
1913 3302 2020 3346 dies
2052 3302 2317 3345 hebdoma—

263 3378 356 3420 dae
387 3382 437 3420 et
466 3377 629 3420 stellas
654 3377 935 3425 ‚nominibus
964 3376 1027 3419 ab
1058 3389 1118 3420 ea
1147 3377 1415 3431 desumptis
1446 3378 1729 3430 indicamus,
1763 3383 1816 3421 ut
1850 3377 1968 3421 dicit
1998 3376 2046 3419 in
2079 3376 2312 3430 principio

264 3450 404 3493 huius
445 3450 700 3493 Poematis.
753 3451 862 3493 Post
908 3455 1073 3493 natum
1119 3449 1437 3502 Salvatorem,
1469 3457 1520 3493 ut
1559 3451 1606 3493 in
1648 3451 1886 3506 principio
1915 3449 2109 3500 fecerat,
2139 3462 2311 3493 omnes

265 3524 487 3586 antiquos
533 3525 653 3568 deos
685 3530 735 3567 et
765 3525 882 3567 deas
929 3525 1101 3567 iterum
1131 3523 1341 3567 dimittit.
1392 3524 1561 3568 Existit
1606 3530 1768 3568 tamen
1815 3524 1892 3567 hic
1938 3523 2171 3575 defectuS,
2203 3523 2313 3566 licet

265 3597 422 3641 minor
451 3610 597 3651 quam
629 3599 757 3652 apud
789 3597 910 3641 alios
941 3597 1012 3641 sui
1044 3598 1276 3653 temporis
1307 3611 1352 3643 v.
1381 3611 1453 3652 gr.
1488 3598 1820 3649 Sannazzaro3
1857 3597 1981 3641 sicut
2015 3597 2161 3640 etiam
2192 3597 2313 3640 alius

265 3670 483 3714 defectus
504 3674 635 3725 quod
659 3672 849 3725 saepius
871 3671 1270 3727 comparationeS,
1302 3672 1560 3725 allegoriae
1590 3678 1683 3715 etc.
1719 3672 1859 3715 nimis
1888 3676 2159 3726 protractae
2180 3676 2291 3714 sunt
