2508 3978
1121 108 1350 150 —81-

287 227 424 277 Sunt
462 225 599 291 rigui
637 225 824 286 fonteS,
862 225 1166 291 vitreosque
1204 223 1423 275 nitentia
1461 223 1605 276 rivos

290 316 447 365 Prata
485 314 688 375 bibunt,
729 323 899 366 tersus
936 329 1148 379 semper
1183 313 1296 364 sine
1334 313 1563 364 nubibus
1600 321 1705 373 aer,

291 403 403 453 Nec
439 402 675 469 quatitur
709 402 896 463 ventiS,
936 419 1033 452 nec
1070 417 1228 452 rauca
1266 401 1498 452 tonitrua
1536 401 1756 467 frangit:

291 491 514 542 Brachia
550 491 838 557 pomiferae
874 499 1096 541 curvant
1134 489 1424 541 redolentia
1462 490 1642 550 silvae,

289 580 632 647 Pendulaque
669 579 849 631 electri
886 588 1099 644 gratum
1137 578 1311 630 induit
1347 595 1451 629 uva
1486 579 1737 630 colorem.

290 667 530 719 Collibus
568 668 621 718 in
658 667 855 735 parvis,
894 666 983 717 ubi
1023 667 1240 732 paulum
1279 667 1465 732 iugera
1501 675 1743 732 surgunt,

292 758 595 823 Perpetua8‚
637 756 797 807 ramis
833 756 1057 807 fecunda
1094 755 1354 806 feracibus
1391 755 1565 815 arbor,

288 845 513 911 Semper
550 846 710 895 habet
746 845 940 910 frugeS,
981 844 1174 910 quibus
1212 853 1267 894 et
1304 853 1641 895 contemnere
1678 844 1843 895 fatum

287 933 463 984 Possit
499 943 553 984 et
590 943 859 999 expertem
899 931 1070 983 morbi
1109 949 1319 983 servare
1356 932 1642 984 iuventam.

204 1053 206 1055 -
289 1023 448 1073 Nulla
487 1032 635 1088 patet
673 1021 812 1072 curis
851 1021 975 1072 illuc
1012 1021 1114 1080 via,
1154 1021 1296 1071 nulla
1334 1021 1524 1082 dolori,

286 1113 447 1163 Nulla
484 1111 615 1172 neci,
655 1110 782 1162 colit
818 1111 918 1162 ista
957 1127 1117 1161 senex
1154 1110 1271 1160 loca
1307 1119 1490 1161 sancta
1526 1111 1727 1161 beatuS.

286 1202 467 1267 Atque
505 1201 604 1251 sub
643 1217 889 1252 occasum
930 1199 1114 1249 mundi
1154 1199 1420 1250 rediturus
1457 1199 1511 1249 in
1547 1199 1750 1260 orbem,

288 1290 412 1339 Non
451 1288 602 1338 timet
638 1288 839 1339 interea
878 1288 1073 1338 Parcae
1111 1305 1177 1337 ne
1215 1287 1441 1338 stamina
1478 1297 1744 1354 rumpant.

289 1378 410 1427 Hoc
450 1393 575 1428 sene
613 1394 750 1427 nunc
787 1392 923 1441 opus
961 1386 1042 1426 est
1079 1386 1133 1426 et
1171 1386 1240 1436 te,
1280 1375 1559 1427 mitissime
1594 1386 1792 1437 vatum,

285 1466 452 1517 Cuius
488 1466 558 1516 ad
596 1465 892 1531 ingressum
933 1464 1077 1514 rubri
1114 1463 1239 1516 salis
1277 1465 1419 1516 unda
1457 1465 1673 1516 recessit

287 1557 350 1606 In
387 1555 626 1621 geminas
665 1568 838 1620 rupes,
879 1554 1051 1620 patuit
1087 1554 1248 1605 maris
1284 1554 1467 1605 alveus
1504 1554 1692 1620 ingens

288 1645 662 1695 Praetereunte
702 1643 853 1694 Duce
890 1652 944 1693 et
980 1643 1184 1708 populo
1219 1658 1316 1708 per
1352 1659 1585 1693 concava
1621 1659 1786 1710 regna

287 1731 537 1800 Neptuni,
580 1730 754 1781 timuit
792 1730 998 1791 Triton,
1038 1748 1264 1782 sonuere
1299 1746 1572 1791 cavernae,

286 1820 578 1886 Delphines
616 1819 768 1870 curvi
807 1829 862 1870 et
900 1820 1111 1870 Phocae
1147 1821 1331 1886 sugere
1367 1829 1625 1881 natantes,

284 1908 504 1973 Subque
542 1908 674 1959 imas
713 1907 824 1974 egit
862 1908 1122 1958 Protheus
1158 1923 1323 1974 pecus
1359 1924 1519 1963 omne
1544 1909 1798 1961 latebras,

283 1996 342 2047 Si
385 1997 531 2048 Deus
569 1998 668 2048 hos
706 2007 889 2049 nostro
926 1997 1180 2049 miserans
1218 1998 1533 2049 concederet
1568 2014 1718 2060 aevo,

285 2086 436 2136 Dura
477 2086 612 2136 inter
642 2086 868 2152 vapidos
905 2096 1213 2152 paterentur
1251 2087 1424 2154 iurgia
1461 2097 1666 2154 patres:

284 2174 469 2240 Usque
507 2174 643 2225 adeo
682 2174 850 2225 invisa
887 2185 969 2226 est
1007 2175 1260 2241 probitaS,
1301 2175 1594 2243 odiosaque
1632 2176 1828 2231 Virtus.

280 2263 551 2328 Tempore
588 2280 816 2329 namque
852 2263 972 2323 istc,
1011 2264 1143 2315 vitio
1181 2264 1339 2315 datur
1375 2282 1492 2316 esse
1529 2266 1808 2331 pudicum:

286 2350 386 2401 Est
423 2351 593 2402 scelus
632 2368 748 2402 esse
784 2351 949 2418 pium,
989 2352 1148 2403 saecli
1188 2353 1319 2404 haec
1357 2363 1438 2405 est
1476 2355 1647 2420 gloria
1686 2356 1878 2407 nostri!

286 2439 449 2489 Parce
487 2438 650 2505 igitur
686 2457 785 2505 pro
810 2450 970 2506 gente
1009 2450 1098 2492 tua
1135 2441 1420 2502 tabescere,
1460 2453 1625 2503 vates,

286 2528 431 2579 Pone
468 2545 667 2593 preceS,
708 2529 909 2581 ambire
949 2530 1095 2581 Deos
1133 2540 1188 2580 et
1225 2530 1401 2581 sidera
1438 2532 1563 2588 noli,

282 2617 446 2682 Quod
486 2618 709 2679 coelum,
751 2618 1050 2684 Superique
1087 2619 1274 2680 ferunt,
1316 2620 1569 2671 mutabile
1607 2638 1712 2673 non
1750 2632 1852 2674 est.

509 2707 800 2771 (Describit
832 2708 1109 2766 diluvium,
1155 2711 1308 2759 cuius
1343 2726 1503 2760 causa
1540 2717 1696 2762 erant
1728 2714 1960 2778 scelera).

435 2794 657 2845 Dixerat
693 2796 906 2856 Uranie,
946 2813 1065 2847 cum
1106 2797 1367 2863 Thespias
1404 2799 1568 2849 altera
1606 2815 1790 2851 vocem

285 2882 490 2932 Extulit
529 2892 581 2933 et
621 2883 752 2933 tales
790 2893 871 2934 est
907 2901 1029 2936 orsa
1069 2885 1346 2951 Polymnia
1383 2897 1596 2938 cantus:

285 2970 390 3020 Hic
431 2970 575 3022 iuvat
613 2971 883 3039 antiquam
922 2974 1145 3034 cladem,
1187 2983 1533 3043 veterumque
1572 2976 1776 3027 dierum

286 3060 419 3110 Fata
458 3077 729 3111 recensere
766 3072 819 3112 et
856 3063 1159 3128 primaevae
1197 3065 1372 3131 gentis
1409 3066 1478 3115 ab
1515 3075 1636 3116 ortu

284 3147 543 3208 Illuviem,
583 3159 825 3215 repetens
863 3150 1052 3202 missos
1091 3162 1237 3204 trans
1273 3153 1452 3205 littora
1490 3154 1695 3214 fluctus,

286 3237 611 3302 Ignotosque
649 3236 795 3302 prius
833 3238 1042 3291 nimbos
1079 3251 1133 3291 et
1170 3241 1350 3292 nubila
1388 3243 1579 3303 dicam,

280 3324 496 3375 Scilicet
535 3334 594 3375 ut
632 3342 893 3378 memores
932 3328 1072 3379 iusto
1109 3331 1208 3381 sub
1247 3330 1421 3382 iudice
1458 3341 1662 3382 vestros

287 3412 369 3462 Ire
407 3413 537 3474 dies,
578 3423 854 3479 certasque
891 3417 1040 3482 sequi
1079 3427 1203 3483 post
1240 3419 1460 3469 crimina
1499 3435 1713 3485 poenaS,

282 3499 505 3551 Cautius
542 3501 824 3568 ambiguae
862 3518 1047 3555 cursus
1082 3515 1138 3555 et
1174 3506 1351 3557 euntia
1388 3506 1529 3557 vitae

283 3588 551 3652 Tempora
588 3600 848 3651 curentur,
891 3607 986 3642 nec
1025 3591 1177 3643 inerti
1216 3609 1398 3658 pressa
1434 3605 1652 3646 veterno

283 3675 435 3724 Mens
475 3676 682 3744 hebeat,
719 3678 813 3729 sed
853 3690 1099 3745 prompta
1138 3698 1327 3746 graves
1365 3683 1699 3748 superevolet
1737 3694 1896 3746 artus,
