<?xml version="1.0" encoding="UTF-8"?>
<!DOCTYPE html PUBLIC "-//W3C//DTD XHTML 1.0 Transitional//EN"
    "http://www.w3.org/TR/xhtml1/DTD/xhtml1-transitional.dtd">
<html xmlns="http://www.w3.org/1999/xhtml" xml:lang="en" lang="en">
 <head>
  <title>
</title>
<meta http-equiv="Content-Type" content="text/html;charset=utf-8" />
  <meta name='ocr-system' content='tesseract 3.04.00' />
  <meta name='ocr-capabilities' content='ocr_page ocr_carea ocr_par ocr_line ocrx_word'/>
</head>
<body>
  <div class='ocr_page' id='page_1' title='image "./libritresdecalam00spaguoft/libritresdecalam00spaguoft_0095.png"; bbox 0 0 2508 3978; ppageno 0'>
   <div class='ocr_carea' id='block_1_1' title="bbox 1132 82 1367 132">
    <p class='ocr_par' dir='ltr' id='par_1_1' title="bbox 1132 82 1367 132">
     <span class='ocr_line' id='line_1_1' title="bbox 1132 82 1367 132; baseline 0 -23"><span class='ocrx_word' id='word_1_1' title='bbox 1132 82 1367 132; x_wconf 71' lang='lat'><strong>-39—</strong></span> 
     </span>
    </p>
   </div>
   <div class='ocr_carea' id='block_1_2' title="bbox 299 198 1924 3716">
    <p class='ocr_par' dir='ltr' id='par_1_2' title="bbox 305 198 1522 268">
     <span class='ocr_line' id='line_1_2' title="bbox 305 198 1522 268; baseline -0.003 -15"><span class='ocrx_word' id='word_1_2' title='bbox 305 204 606 268; x_wconf 89' lang='lat' dir='ltr'>Illapsuque</span> <span class='ocrx_word' id='word_1_3' title='bbox 646 201 747 252; x_wconf 89' lang='lat' dir='ltr'>Dei</span> <span class='ocrx_word' id='word_1_4' title='bbox 788 201 1019 252; x_wconf 88' lang='lat' dir='ltr'>monitus</span> <span class='ocrx_word' id='word_1_5' title='bbox 1056 200 1268 251; x_wconf 89' lang='lat' dir='ltr'>diversa</span> <span class='ocrx_word' id='word_1_6' title='bbox 1304 198 1522 266; x_wconf 90' lang='lat' dir='ltr'>negavit</span> 
     </span>
    </p>

    <p class='ocr_par' dir='ltr' id='par_1_3' title="bbox 306 288 1706 351">
     <span class='ocr_line' id='line_1_3' title="bbox 306 288 1706 351; baseline -0.003 -9"><span class='ocrx_word' id='word_1_7' title='bbox 306 291 554 351; x_wconf 86' lang='lat' dir='ltr'>Numina,</span> <span class='ocrx_word' id='word_1_8' title='bbox 595 291 690 341; x_wconf 93' lang='lat' dir='ltr'>sed</span> <span class='ocrx_word' id='word_1_9' title='bbox 728 290 901 341; x_wconf 92' lang='lat' dir='ltr'>solum</span> <span class='ocrx_word' id='word_1_10' title='bbox 938 306 1147 340; x_wconf 90' lang='lat' dir='ltr'>summa</span> <span class='ocrx_word' id='word_1_11' title='bbox 1185 289 1455 340; x_wconf 87' lang='lat' dir='ltr'>confessus</span> <span class='ocrx_word' id='word_1_12' title='bbox 1493 288 1547 339; x_wconf 91' lang='lat' dir='ltr'>in</span> <span class='ocrx_word' id='word_1_13' title='bbox 1586 305 1706 339; x_wconf 88' lang='lat' dir='ltr'>arce</span> 
     </span>
    </p>

    <p class='ocr_par' dir='ltr' id='par_1_4' title="bbox 305 376 1924 446">
     <span class='ocr_line' id='line_1_4' title="bbox 305 376 1924 446; baseline -0.003 -15"><span class='ocrx_word' id='word_1_14' title='bbox 305 381 435 431; x_wconf 86' lang='lat' dir='ltr'>Esse</span> <span class='ocrx_word' id='word_1_15' title='bbox 473 389 679 446; x_wconf 89' lang='lat' dir='ltr'>patrem</span> <span class='ocrx_word' id='word_1_16' title='bbox 717 395 892 429; x_wconf 88' lang='lat' dir='ltr'>rerum</span> <span class='ocrx_word' id='word_1_17' title='bbox 931 377 1203 437; x_wconf 83' lang='lat' dir='ltr'>artificem,</span> <span class='ocrx_word' id='word_1_18' title='bbox 1251 377 1542 444; x_wconf 88' lang='lat' dir='ltr'>mundique</span> <span class='ocrx_word' id='word_1_19' title='bbox 1580 376 1924 443; x_wconf 84' lang='lat' dir='ltr'>magistrum:</span> 
     </span>
    </p>

    <p class='ocr_par' dir='ltr' id='par_1_5' title="bbox 303 466 1403 534">
     <span class='ocr_line' id='line_1_5' title="bbox 303 466 1403 534; baseline -0.004 -14"><span class='ocrx_word' id='word_1_20' title='bbox 303 469 540 520; x_wconf 82' lang='lat' dir='ltr'><strong>Abstulit</strong></span> <span class='ocrx_word' id='word_1_21' title='bbox 578 479 631 519; x_wconf 92' lang='lat' dir='ltr'>et</span> <span class='ocrx_word' id='word_1_22' title='bbox 670 468 758 519; x_wconf 89' lang='lat' dir='ltr'>fati</span> <span class='ocrx_word' id='word_1_23' title='bbox 798 468 945 534; x_wconf 87' lang='lat' dir='ltr'>leges</span> <span class='ocrx_word' id='word_1_24' title='bbox 981 477 1036 518; x_wconf 92' lang='lat' dir='ltr'>et</span> <span class='ocrx_word' id='word_1_25' title='bbox 1074 466 1249 517; x_wconf 86' lang='lat' dir='ltr'>inania</span> <span class='ocrx_word' id='word_1_26' title='bbox 1288 466 1403 517; x_wconf 90' lang='lat' dir='ltr'>iura</span> 
     </span>
    </p>

    <p class='ocr_par' dir='ltr' id='par_1_6' title="bbox 306 554 1647 623">
     <span class='ocr_line' id='line_1_6' title="bbox 306 554 1647 623; baseline -0.004 -14"><span class='ocrx_word' id='word_1_27' title='bbox 306 559 587 618; x_wconf 87' lang='lat' dir='ltr'>Fortunae,</span> <span class='ocrx_word' id='word_1_28' title='bbox 628 574 886 623; x_wconf 88' lang='lat' dir='ltr'>casusque</span> <span class='ocrx_word' id='word_1_29' title='bbox 924 555 1056 607; x_wconf 91' lang='lat' dir='ltr'>levis</span> <span class='ocrx_word' id='word_1_30' title='bbox 1094 554 1396 606; x_wconf 85' lang='lat' dir='ltr'>damnabile</span> <span class='ocrx_word' id='word_1_31' title='bbox 1436 572 1647 615; x_wconf 88' lang='lat' dir='ltr'>nomen,</span> 
     </span>
    </p>

    <p class='ocr_par' dir='ltr' id='par_1_7' title="bbox 301 643 1760 713">
     <span class='ocr_line' id='line_1_7' title="bbox 301 643 1760 713; baseline -0.003 -15"><span class='ocrx_word' id='word_1_32' title='bbox 301 649 671 713; x_wconf 88' lang='lat' dir='ltr'>Aeternosque</span> <span class='ocrx_word' id='word_1_33' title='bbox 710 647 922 705; x_wconf 79' lang='lat' dir='ltr'>docenS,</span> <span class='ocrx_word' id='word_1_34' title='bbox 962 645 1169 695; x_wconf 88' lang='lat' dir='ltr'>animos</span> <span class='ocrx_word' id='word_1_35' title='bbox 1207 654 1329 710; x_wconf 90' lang='lat' dir='ltr'>post</span> <span class='ocrx_word' id='word_1_36' title='bbox 1367 645 1567 703; x_wconf 84' lang='lat' dir='ltr'>funera,</span> <span class='ocrx_word' id='word_1_37' title='bbox 1609 643 1760 704; x_wconf 84' lang='lat' dir='ltr'>dixit,</span> 
     </span>
    </p>

    <p class='ocr_par' dir='ltr' id='par_1_8' title="bbox 305 731 1689 800">
     <span class='ocr_line' id='line_1_8' title="bbox 305 731 1689 800; baseline -0.002 -16"><span class='ocrx_word' id='word_1_38' title='bbox 305 736 363 785; x_wconf 91' lang='lat' dir='ltr'>In</span> <span class='ocrx_word' id='word_1_39' title='bbox 402 734 637 800; x_wconf 86' lang='lat' dir='ltr'>requiem</span> <span class='ocrx_word' id='word_1_40' title='bbox 676 744 731 784; x_wconf 90' lang='lat' dir='ltr'>et</span> <span class='ocrx_word' id='word_1_41' title='bbox 770 734 909 784; x_wconf 87' lang='lat' dir='ltr'>vitae</span> <span class='ocrx_word' id='word_1_42' title='bbox 947 732 1173 798; x_wconf 88' lang='lat' dir='ltr'>patriam</span> <span class='ocrx_word' id='word_1_43' title='bbox 1214 731 1447 782; x_wconf 90' lang='lat' dir='ltr'>melioris</span> <span class='ocrx_word' id='word_1_44' title='bbox 1487 731 1689 787; x_wconf 83' lang='lat' dir='ltr'>ituros:</span> 
     </span>
    </p>

    <p class='ocr_par' dir='ltr' id='par_1_9' title="bbox 303 820 1679 889">
     <span class='ocr_line' id='line_1_9' title="bbox 303 820 1679 889; baseline -0.002 -16"><span class='ocrx_word' id='word_1_45' title='bbox 303 823 408 889; x_wconf 78' lang='lat' dir='ltr'>Qui</span> <span class='ocrx_word' id='word_1_46' title='bbox 449 823 600 873; x_wconf 86' lang='lat' dir='ltr'>veriti</span> <span class='ocrx_word' id='word_1_47' title='bbox 644 824 870 883; x_wconf 90' lang='lat' dir='ltr'>Numen,</span> <span class='ocrx_word' id='word_1_48' title='bbox 912 821 1354 886; x_wconf 83' lang='lat' dir='ltr'>Maiestatemque</span> <span class='ocrx_word' id='word_1_49' title='bbox 1404 820 1679 880; x_wconf 81' lang='lat' dir='ltr'>TonantiS,</span> 
     </span>
    </p>

    <p class='ocr_par' dir='ltr' id='par_1_10' title="bbox 303 908 1661 974">
     <span class='ocr_line' id='line_1_10' title="bbox 303 908 1661 974; baseline -0.002 -13"><span class='ocrx_word' id='word_1_50' title='bbox 303 911 627 962; x_wconf 87' lang='lat' dir='ltr'>Clausissent</span> <span class='ocrx_word' id='word_1_51' title='bbox 662 910 776 961; x_wconf 90' lang='lat' dir='ltr'>sine</span> <span class='ocrx_word' id='word_1_52' title='bbox 813 910 933 960; x_wconf 90' lang='lat' dir='ltr'>labe</span> <span class='ocrx_word' id='word_1_53' title='bbox 970 909 1085 960; x_wconf 89' lang='lat' dir='ltr'>dies</span> <span class='ocrx_word' id='word_1_54' title='bbox 1123 919 1177 959; x_wconf 90' lang='lat' dir='ltr'>et</span> <span class='ocrx_word' id='word_1_55' title='bbox 1215 918 1396 959; x_wconf 87' lang='lat' dir='ltr'>sancta</span> <span class='ocrx_word' id='word_1_56' title='bbox 1434 908 1661 974; x_wconf 89' lang='lat' dir='ltr'>sequuti,</span> 
     </span>
    </p>

    <p class='ocr_par' dir='ltr' id='par_1_11' title="bbox 302 996 1734 1065">
     <span class='ocr_line' id='line_1_11' title="bbox 302 996 1734 1065; baseline 0.001 -15"><span class='ocrx_word' id='word_1_57' title='bbox 302 1000 455 1065; x_wconf 79' lang='lat' dir='ltr'>Quae</span> <span class='ocrx_word' id='word_1_58' title='bbox 493 1000 674 1065; x_wconf 87' lang='lat' dir='ltr'>generi</span> <span class='ocrx_word' id='word_1_59' title='bbox 714 999 863 1050; x_wconf 88' lang='lat' dir='ltr'>dedit</span> <span class='ocrx_word' id='word_1_60' title='bbox 900 999 1014 1064; x_wconf 87' lang='lat' dir='ltr'>ipse</span> <span class='ocrx_word' id='word_1_61' title='bbox 1053 1014 1168 1057; x_wconf 89' lang='lat' dir='ltr'>suo,</span> <span class='ocrx_word' id='word_1_62' title='bbox 1211 997 1461 1048; x_wconf 88' lang='lat' dir='ltr'>mandata</span> <span class='ocrx_word' id='word_1_63' title='bbox 1499 996 1734 1051; x_wconf 85' lang='lat' dir='ltr'>fuissent.</span> 
     </span>
    </p>

    <p class='ocr_par' dir='ltr' id='par_1_12' title="bbox 304 1085 1512 1153">
     <span class='ocr_line' id='line_1_12' title="bbox 304 1085 1512 1153; baseline -0.002 -15"><span class='ocrx_word' id='word_1_64' title='bbox 304 1089 591 1153; x_wconf 86' lang='lat' dir='ltr'>Propterea</span> <span class='ocrx_word' id='word_1_65' title='bbox 630 1087 774 1138; x_wconf 89' lang='lat' dir='ltr'>falsis</span> <span class='ocrx_word' id='word_1_66' title='bbox 811 1096 1052 1138; x_wconf 89' lang='lat' dir='ltr'>assuetae</span> <span class='ocrx_word' id='word_1_67' title='bbox 1090 1085 1300 1152; x_wconf 86' lang='lat' dir='ltr'>legibus</span> <span class='ocrx_word' id='word_1_68' title='bbox 1339 1086 1512 1146; x_wconf 84' lang='lat' dir='ltr'>urbeS,</span> 
     </span>
    </p>

    <p class='ocr_par' dir='ltr' id='par_1_13' title="bbox 303 1175 1731 1242">
     <span class='ocr_line' id='line_1_13' title="bbox 303 1175 1731 1242; baseline -0.001 -15"><span class='ocrx_word' id='word_1_69' title='bbox 303 1177 377 1227; x_wconf 88' lang='lat' dir='ltr'>Ut</span> <span class='ocrx_word' id='word_1_70' title='bbox 415 1194 552 1227; x_wconf 86' lang='lat' dir='ltr'>nova</span> <span class='ocrx_word' id='word_1_71' title='bbox 592 1178 887 1227; x_wconf 84' lang='lat' dir='ltr'>tradentem</span> <span class='ocrx_word' id='word_1_72' title='bbox 928 1175 1128 1242; x_wconf 89' lang='lat' dir='ltr'>populo</span> <span class='ocrx_word' id='word_1_73' title='bbox 1168 1176 1435 1236; x_wconf 87' lang='lat' dir='ltr'>mandata,</span> <span class='ocrx_word' id='word_1_74' title='bbox 1478 1176 1731 1241; x_wconf 89' lang='lat' dir='ltr'>Deosque</span> 
     </span>
    </p>

    <p class='ocr_par' dir='ltr' id='par_1_14' title="bbox 303 1264 1684 1326">
     <span class='ocr_line' id='line_1_14' title="bbox 303 1264 1684 1326; baseline -0.001 -10"><span class='ocrx_word' id='word_1_75' title='bbox 303 1267 598 1316; x_wconf 89' lang='lat' dir='ltr'>Tollentem</span> <span class='ocrx_word' id='word_1_76' title='bbox 639 1282 834 1316; x_wconf 90' lang='lat' dir='ltr'>novere</span> <span class='ocrx_word' id='word_1_77' title='bbox 873 1265 1063 1326; x_wconf 89' lang='lat' dir='ltr'>virum,</span> <span class='ocrx_word' id='word_1_78' title='bbox 1103 1264 1407 1315; x_wconf 91' lang='lat' dir='ltr'>communia</span> <span class='ocrx_word' id='word_1_79' title='bbox 1444 1274 1684 1315; x_wconf 90' lang='lat' dir='ltr'>sanctum</span> 
     </span>
    </p>

    <p class='ocr_par' dir='ltr' id='par_1_15' title="bbox 302 1353 1639 1419">
     <span class='ocr_line' id='line_1_15' title="bbox 302 1353 1639 1419; baseline -0.001 -15"><span class='ocrx_word' id='word_1_80' title='bbox 302 1357 362 1405; x_wconf 91' lang='lat' dir='ltr'>In</span> <span class='ocrx_word' id='word_1_81' title='bbox 401 1355 571 1406; x_wconf 90' lang='lat' dir='ltr'>civem</span> <span class='ocrx_word' id='word_1_82' title='bbox 609 1364 816 1405; x_wconf 92' lang='lat' dir='ltr'>vertere</span> <span class='ocrx_word' id='word_1_83' title='bbox 853 1354 994 1414; x_wconf 92' lang='lat' dir='ltr'>odia,</span> <span class='ocrx_word' id='word_1_84' title='bbox 1035 1353 1375 1419; x_wconf 86' lang='lat' dir='ltr'>infensaeque</span> <span class='ocrx_word' id='word_1_85' title='bbox 1413 1353 1639 1413; x_wconf 85' lang='lat' dir='ltr'>suerunt,</span> 
     </span>
    </p>

    <p class='ocr_par' dir='ltr' id='par_1_16' title="bbox 301 1442 1706 1510">
     <span class='ocr_line' id='line_1_16' title="bbox 301 1442 1706 1510; baseline -0.001 -16"><span class='ocrx_word' id='word_1_86' title='bbox 301 1444 488 1510; x_wconf 78' lang='lat' dir='ltr'>Qualis</span> <span class='ocrx_word' id='word_1_87' title='bbox 528 1443 832 1494; x_wconf 87' lang='lat' dir='ltr'>Socraticae</span> <span class='ocrx_word' id='word_1_88' title='bbox 869 1443 1141 1510; x_wconf 89' lang='lat' dir='ltr'>quondam</span> <span class='ocrx_word' id='word_1_89' title='bbox 1181 1459 1313 1508; x_wconf 91' lang='lat' dir='ltr'>gens</span> <span class='ocrx_word' id='word_1_90' title='bbox 1352 1442 1531 1493; x_wconf 90' lang='lat' dir='ltr'>Attica</span> <span class='ocrx_word' id='word_1_91' title='bbox 1571 1442 1706 1494; x_wconf 91' lang='lat' dir='ltr'>voci.</span> 
     </span>
    </p>

    <p class='ocr_par' dir='ltr' id='par_1_17' title="bbox 304 1530 1730 1597">
     <span class='ocr_line' id='line_1_17' title="bbox 304 1530 1730 1597; baseline -0.002 -14"><span class='ocrx_word' id='word_1_92' title='bbox 304 1533 365 1584; x_wconf 96' lang='lat' dir='ltr'>Id</span> <span class='ocrx_word' id='word_1_93' title='bbox 405 1543 644 1583; x_wconf 91' lang='lat' dir='ltr'>metuens</span> <span class='ocrx_word' id='word_1_94' title='bbox 683 1532 858 1583; x_wconf 91' lang='lat' dir='ltr'>natale</span> <span class='ocrx_word' id='word_1_95' title='bbox 895 1531 1085 1592; x_wconf 90' lang='lat' dir='ltr'>solum,</span> <span class='ocrx_word' id='word_1_96' title='bbox 1126 1531 1460 1597; x_wconf 89' lang='lat' dir='ltr'>patriamque</span> <span class='ocrx_word' id='word_1_97' title='bbox 1499 1530 1730 1597; x_wconf 91' lang='lat' dir='ltr'>reliquit,</span> 
     </span>
    </p>

    <p class='ocr_par' dir='ltr' id='par_1_18' title="bbox 303 1620 1640 1688">
     <span class='ocr_line' id='line_1_18' title="bbox 303 1620 1640 1688; baseline -0.002 -15"><span class='ocrx_word' id='word_1_98' title='bbox 303 1623 597 1688; x_wconf 88' lang='lat' dir='ltr'>Regnaque</span> <span class='ocrx_word' id='word_1_99' title='bbox 636 1621 860 1672; x_wconf 89' lang='lat' dir='ltr'>Sidonio</span> <span class='ocrx_word' id='word_1_100' title='bbox 898 1620 1053 1686; x_wconf 89' lang='lat' dir='ltr'>petiit</span> <span class='ocrx_word' id='word_1_101' title='bbox 1091 1620 1418 1671; x_wconf 88' lang='lat' dir='ltr'>contermina</span> <span class='ocrx_word' id='word_1_102' title='bbox 1456 1629 1640 1686; x_wconf 78' lang='lat' dir='ltr'>ponto,</span> 
     </span>
    </p>

    <p class='ocr_par' dir='ltr' id='par_1_19' title="bbox 302 1708 1773 1776">
     <span class='ocr_line' id='line_1_19' title="bbox 302 1708 1773 1776; baseline -0.003 -13"><span class='ocrx_word' id='word_1_103' title='bbox 302 1714 419 1763; x_wconf 89' lang='lat' dir='ltr'>Rex</span> <span class='ocrx_word' id='word_1_104' title='bbox 455 1722 569 1762; x_wconf 91' lang='lat' dir='ltr'>erat</span> <span class='ocrx_word' id='word_1_105' title='bbox 607 1710 841 1776; x_wconf 88' lang='lat' dir='ltr'>Assyriis</span> <span class='ocrx_word' id='word_1_106' title='bbox 881 1710 1054 1764; x_wconf 87' lang='lat' dir='ltr'>Ninus</span> <span class='ocrx_word' id='word_1_107' title='bbox 1092 1720 1252 1776; x_wconf 89' lang='lat' dir='ltr'>atque</span> <span class='ocrx_word' id='word_1_108' title='bbox 1291 1708 1602 1760; x_wconf 87' lang='lat' dir='ltr'>Semiramis</span> <span class='ocrx_word' id='word_1_109' title='bbox 1641 1726 1773 1759; x_wconf 89' lang='lat' dir='ltr'>uxor</span> 
     </span>
    </p>

    <p class='ocr_par' dir='ltr' id='par_1_20' title="bbox 301 1798 1532 1865">
     <span class='ocr_line' id='line_1_20' title="bbox 301 1798 1532 1865; baseline -0.002 -14"><span class='ocrx_word' id='word_1_110' title='bbox 301 1800 532 1851; x_wconf 87' lang='lat' dir='ltr'>Extincti</span> <span class='ocrx_word' id='word_1_111' title='bbox 572 1809 695 1865; x_wconf 93' lang='lat' dir='ltr'>post</span> <span class='ocrx_word' id='word_1_112' title='bbox 733 1800 840 1849; x_wconf 82' lang='lat' dir='ltr'>sata</span> <span class='ocrx_word' id='word_1_113' title='bbox 878 1798 977 1849; x_wconf 90' lang='lat' dir='ltr'>viri</span> <span class='ocrx_word' id='word_1_114' title='bbox 1016 1798 1321 1849; x_wconf 89' lang='lat' dir='ltr'>victricibus</span> <span class='ocrx_word' id='word_1_115' title='bbox 1373 1798 1532 1848; x_wconf 90' lang='lat' dir='ltr'>armis</span> 
     </span>
    </p>

    <p class='ocr_par' dir='ltr' id='par_1_21' title="bbox 302 1888 1679 1954">
     <span class='ocr_line' id='line_1_21' title="bbox 302 1888 1679 1954; baseline -0.001 -15"><span class='ocrx_word' id='word_1_116' title='bbox 302 1889 530 1939; x_wconf 89' lang='lat' dir='ltr'>Protulit</span> <span class='ocrx_word' id='word_1_117' title='bbox 568 1888 774 1954; x_wconf 90' lang='lat' dir='ltr'>imperii</span> <span class='ocrx_word' id='word_1_118' title='bbox 814 1888 944 1938; x_wconf 90' lang='lat' dir='ltr'>fines</span> <span class='ocrx_word' id='word_1_119' title='bbox 981 1904 1077 1953; x_wconf 90' lang='lat' dir='ltr'>per</span> <span class='ocrx_word' id='word_1_120' title='bbox 1117 1888 1323 1947; x_wconf 91' lang='lat' dir='ltr'>Bactra,</span> <span class='ocrx_word' id='word_1_121' title='bbox 1365 1905 1461 1952; x_wconf 87' lang='lat' dir='ltr'>per</span> <span class='ocrx_word' id='word_1_122' title='bbox 1499 1888 1679 1937; x_wconf 66' lang='lat' dir='ltr'>Indos</span> 
     </span>
    </p>

    <p class='ocr_par' dir='ltr' id='par_1_22' title="bbox 303 1977 1729 2044">
     <span class='ocr_line' id='line_1_22' title="bbox 303 1977 1729 2044; baseline -0.001 -17"><span class='ocrx_word' id='word_1_123' title='bbox 303 1978 528 2027; x_wconf 89' lang='lat' dir='ltr'>Inachus</span> <span class='ocrx_word' id='word_1_124' title='bbox 567 1977 826 2044; x_wconf 85' lang='lat' dir='ltr'>Argivam</span> <span class='ocrx_word' id='word_1_125' title='bbox 866 1994 1033 2043; x_wconf 90' lang='lat' dir='ltr'>parvo</span> <span class='ocrx_word' id='word_1_126' title='bbox 1073 1985 1196 2042; x_wconf 91' lang='lat' dir='ltr'>post</span> <span class='ocrx_word' id='word_1_127' title='bbox 1234 1985 1475 2042; x_wconf 91' lang='lat' dir='ltr'>tempore</span> <span class='ocrx_word' id='word_1_128' title='bbox 1514 1986 1729 2042; x_wconf 88' lang='lat' dir='ltr'>gentem</span> 
     </span>
    </p>

    <p class='ocr_par' dir='ltr' id='par_1_23' title="bbox 302 2064 1678 2130">
     <span class='ocr_line' id='line_1_23' title="bbox 302 2064 1678 2130; baseline 0 -14"><span class='ocrx_word' id='word_1_129' title='bbox 302 2065 462 2116; x_wconf 87' lang='lat' dir='ltr'>Rexit</span> <span class='ocrx_word' id='word_1_130' title='bbox 500 2077 552 2116; x_wconf 90' lang='lat' dir='ltr'>et</span> <span class='ocrx_word' id='word_1_131' title='bbox 593 2066 808 2117; x_wconf 88' lang='lat' dir='ltr'>Inachia</span> <span class='ocrx_word' id='word_1_132' title='bbox 845 2082 966 2116; x_wconf 90' lang='lat' dir='ltr'>cum</span> <span class='ocrx_word' id='word_1_133' title='bbox 1007 2065 1247 2130; x_wconf 89' lang='lat' dir='ltr'>Iuppiter</span> <span class='ocrx_word' id='word_1_134' title='bbox 1288 2064 1431 2115; x_wconf 91' lang='lat' dir='ltr'>Iside</span> <span class='ocrx_word' id='word_1_135' title='bbox 1475 2074 1678 2130; x_wconf 77' lang='lat' dir='ltr'>captus,</span> 
     </span>
    </p>

    <p class='ocr_par' dir='ltr' id='par_1_24' title="bbox 299 2153 1883 2219">
     <span class='ocr_line' id='line_1_24' title="bbox 299 2153 1883 2219; baseline -0.001 -15"><span class='ocrx_word' id='word_1_136' title='bbox 299 2155 450 2204; x_wconf 90' lang='lat' dir='ltr'>Tunc</span> <span class='ocrx_word' id='word_1_137' title='bbox 488 2155 642 2204; x_wconf 88' lang='lat' dir='ltr'>Atlas</span> <span class='ocrx_word' id='word_1_138' title='bbox 680 2154 902 2204; x_wconf 86' lang='lat' dir='ltr'>humero</span> <span class='ocrx_word' id='word_1_139' title='bbox 941 2153 1147 2204; x_wconf 89' lang='lat' dir='ltr'>caelum</span> <span class='ocrx_word' id='word_1_140' title='bbox 1187 2153 1320 2214; x_wconf 86' lang='lat' dir='ltr'>tulit,</span> <span class='ocrx_word' id='word_1_141' title='bbox 1366 2153 1490 2219; x_wconf 88' lang='lat' dir='ltr'>igne</span> <span class='ocrx_word' id='word_1_142' title='bbox 1532 2154 1883 2204; x_wconf 87' lang='lat' dir='ltr'>Prometheus</span> 
     </span>
    </p>

    <p class='ocr_par' dir='ltr' id='par_1_25' title="bbox 303 2241 1726 2308">
     <span class='ocr_line' id='line_1_25' title="bbox 303 2241 1726 2308; baseline 0.001 -16"><span class='ocrx_word' id='word_1_143' title='bbox 303 2244 611 2293; x_wconf 89' lang='lat' dir='ltr'>Humanum</span> <span class='ocrx_word' id='word_1_144' title='bbox 653 2241 871 2293; x_wconf 88' lang='lat' dir='ltr'>madido</span> <span class='ocrx_word' id='word_1_145' title='bbox 910 2243 1144 2293; x_wconf 86' lang='lat' dir='ltr'>formans</span> <span class='ocrx_word' id='word_1_146' title='bbox 1183 2242 1236 2292; x_wconf 89' lang='lat' dir='ltr'>in</span> <span class='ocrx_word' id='word_1_147' title='bbox 1274 2243 1494 2307; x_wconf 89' lang='lat' dir='ltr'>pulvere</span> <span class='ocrx_word' id='word_1_148' title='bbox 1533 2260 1726 2308; x_wconf 91' lang='lat' dir='ltr'>corpus</span> 
     </span>
    </p>

    <p class='ocr_par' dir='ltr' id='par_1_26' title="bbox 302 2330 1545 2397">
     <span class='ocr_line' id='line_1_26' title="bbox 302 2330 1545 2397; baseline 0 -15"><span class='ocrx_word' id='word_1_149' title='bbox 302 2331 545 2397; x_wconf 88' lang='lat' dir='ltr'>Contigit</span> <span class='ocrx_word' id='word_1_150' title='bbox 582 2341 635 2381; x_wconf 94' lang='lat' dir='ltr'>et</span> <span class='ocrx_word' id='word_1_151' title='bbox 673 2348 834 2382; x_wconf 89' lang='lat' dir='ltr'>venas</span> <span class='ocrx_word' id='word_1_152' title='bbox 874 2331 1122 2381; x_wconf 89' lang='lat' dir='ltr'>vitalibus</span> <span class='ocrx_word' id='word_1_153' title='bbox 1162 2330 1352 2381; x_wconf 88' lang='lat' dir='ltr'>imbuit</span> <span class='ocrx_word' id='word_1_154' title='bbox 1389 2331 1545 2382; x_wconf 83' lang='lat' dir='ltr'>auriS.</span> 
     </span>
    </p>

    <p class='ocr_par' dir='ltr' id='par_1_27' title="bbox 303 2419 1876 2486">
     <span class='ocr_line' id='line_1_27' title="bbox 303 2419 1876 2486; baseline -0.001 -15"><span class='ocrx_word' id='word_1_155' title='bbox 303 2420 555 2471; x_wconf 92' lang='lat' dir='ltr'>Nondum</span> <span class='ocrx_word' id='word_1_156' title='bbox 599 2420 774 2469; x_wconf 89' lang='lat' dir='ltr'>Roma</span> <span class='ocrx_word' id='word_1_157' title='bbox 811 2437 964 2470; x_wconf 91' lang='lat' dir='ltr'>suum</span> <span class='ocrx_word' id='word_1_158' title='bbox 1004 2419 1274 2485; x_wconf 88' lang='lat' dir='ltr'>Tyberim,</span> <span class='ocrx_word' id='word_1_159' title='bbox 1315 2436 1411 2470; x_wconf 91' lang='lat' dir='ltr'>nec</span> <span class='ocrx_word' id='word_1_160' title='bbox 1450 2438 1645 2486; x_wconf 89' lang='lat' dir='ltr'>magna</span> <span class='ocrx_word' id='word_1_161' title='bbox 1669 2422 1876 2471; x_wconf 77' lang='lat' dir='ltr'>suturae</span> 
     </span>
    </p>

    <p class='ocr_par' dir='ltr' id='par_1_28' title="bbox 302 2508 1764 2574">
     <span class='ocr_line' id='line_1_28' title="bbox 302 2508 1764 2574; baseline 0.001 -16"><span class='ocrx_word' id='word_1_162' title='bbox 302 2508 463 2559; x_wconf 88' lang='lat' dir='ltr'>Troia</span> <span class='ocrx_word' id='word_1_163' title='bbox 503 2525 692 2573; x_wconf 87' lang='lat' dir='ltr'>parens</span> <span class='ocrx_word' id='word_1_164' title='bbox 734 2509 937 2559; x_wconf 91' lang='lat' dir='ltr'>Romae</span> <span class='ocrx_word' id='word_1_165' title='bbox 975 2508 1176 2558; x_wconf 87' lang='lat' dir='ltr'>Xanthi</span> <span class='ocrx_word' id='word_1_166' title='bbox 1211 2519 1538 2574; x_wconf 88' lang='lat' dir='ltr'>cognoverat</span> <span class='ocrx_word' id='word_1_167' title='bbox 1577 2510 1764 2561; x_wconf 88' lang='lat' dir='ltr'>undas.</span> 
     </span>
    </p>

    <p class='ocr_par' dir='ltr' id='par_1_29' title="bbox 698 2598 1797 2664">
     <span class='ocr_line' id='line_1_29' title="bbox 698 2598 1797 2664; baseline 0.004 -17"><span class='ocrx_word' id='word_1_168' title='bbox 698 2598 982 2663; x_wconf 81' lang='lat' dir='ltr'>(Reliquae</span> <span class='ocrx_word' id='word_1_169' title='bbox 1007 2602 1193 2662; x_wconf 82' lang='lat' dir='ltr'>partes</span> <span class='ocrx_word' id='word_1_170' title='bbox 1229 2598 1480 2647; x_wconf 57' lang='lat' dir='ltr'>lzzkloriae</span> <span class='ocrx_word' id='word_1_171' title='bbox 1509 2599 1797 2664; x_wconf 75' lang='lat' dir='ltr'>Abrahae).</span> 
     </span>
    </p>

    <p class='ocr_par' dir='ltr' id='par_1_30' title="bbox 450 2686 1830 2752">
     <span class='ocr_line' id='line_1_30' title="bbox 450 2686 1830 2752; baseline 0.001 -16"><span class='ocrx_word' id='word_1_172' title='bbox 450 2687 524 2736; x_wconf 87' lang='lat' dir='ltr'>At</span> <span class='ocrx_word' id='word_1_173' title='bbox 562 2703 682 2736; x_wconf 91' lang='lat' dir='ltr'>cum</span> <span class='ocrx_word' id='word_1_174' title='bbox 721 2686 854 2736; x_wconf 90' lang='lat' dir='ltr'>dura</span> <span class='ocrx_word' id='word_1_175' title='bbox 893 2686 1057 2736; x_wconf 81' lang='lat' dir='ltr'>sames</span> <span class='ocrx_word' id='word_1_176' title='bbox 1095 2703 1255 2752; x_wconf 84' lang='lat' dir='ltr'>agros</span> <span class='ocrx_word' id='word_1_177' title='bbox 1294 2696 1347 2737; x_wconf 92' lang='lat' dir='ltr'>et</span> <span class='ocrx_word' id='word_1_178' title='bbox 1386 2697 1590 2738; x_wconf 87' lang='lat' dir='ltr'>moesta</span> <span class='ocrx_word' id='word_1_179' title='bbox 1629 2696 1830 2738; x_wconf 88' lang='lat' dir='ltr'>teneret</span> 
     </span>
    </p>

    <p class='ocr_par' dir='ltr' id='par_1_31' title="bbox 304 2775 1515 2842">
     <span class='ocr_line' id='line_1_31' title="bbox 304 2775 1515 2842; baseline 0.002 -18"><span class='ocrx_word' id='word_1_180' title='bbox 304 2776 493 2841; x_wconf 89' lang='lat' dir='ltr'>Regna</span> <span class='ocrx_word' id='word_1_181' title='bbox 534 2775 876 2835; x_wconf 88' lang='lat' dir='ltr'>Palaestinae,</span> <span class='ocrx_word' id='word_1_182' title='bbox 917 2784 1121 2826; x_wconf 90' lang='lat' dir='ltr'>mutata</span> <span class='ocrx_word' id='word_1_183' title='bbox 1157 2775 1288 2826; x_wconf 92' lang='lat' dir='ltr'>sede</span> <span class='ocrx_word' id='word_1_184' title='bbox 1327 2775 1515 2842; x_wconf 87' lang='lat' dir='ltr'>petivit</span> 
     </span>
    </p>

    <p class='ocr_par' dir='ltr' id='par_1_32' title="bbox 304 2863 1819 2931">
     <span class='ocr_line' id='line_1_32' title="bbox 304 2863 1819 2931; baseline 0.003 -18"><span class='ocrx_word' id='word_1_185' title='bbox 304 2863 593 2929; x_wconf 79' lang='lat' dir='ltr'>NiligenaS,</span> <span class='ocrx_word' id='word_1_186' title='bbox 634 2863 863 2930; x_wconf 83' lang='lat' dir='ltr'>felixque</span> <span class='ocrx_word' id='word_1_187' title='bbox 901 2865 1092 2923; x_wconf 90' lang='lat' dir='ltr'>solum,</span> <span class='ocrx_word' id='word_1_188' title='bbox 1134 2865 1280 2930; x_wconf 91' lang='lat' dir='ltr'>quod</span> <span class='ocrx_word' id='word_1_189' title='bbox 1318 2865 1607 2931; x_wconf 87' lang='lat' dir='ltr'>pinguibus</span> <span class='ocrx_word' id='word_1_190' title='bbox 1648 2866 1819 2926; x_wconf 84' lang='lat' dir='ltr'>undiS,</span> 
     </span>
    </p>

    <p class='ocr_par' dir='ltr' id='par_1_33' title="bbox 305 2952 1609 3019">
     <span class='ocr_line' id='line_1_33' title="bbox 305 2952 1609 3019; baseline 0.002 -17"><span class='ocrx_word' id='word_1_191' title='bbox 305 2953 514 3003; x_wconf 89' lang='lat' dir='ltr'>Horrea</span> <span class='ocrx_word' id='word_1_192' title='bbox 552 2963 773 3003; x_wconf 87' lang='lat' dir='ltr'>centeno</span> <span class='ocrx_word' id='word_1_193' title='bbox 811 2952 1067 3003; x_wconf 86' lang='lat' dir='ltr'>latissima</span> <span class='ocrx_word' id='word_1_194' title='bbox 1106 2953 1322 3003; x_wconf 87' lang='lat' dir='ltr'>foenore</span> <span class='ocrx_word' id='word_1_195' title='bbox 1359 2954 1609 3019; x_wconf 90' lang='lat' dir='ltr'>complet.</span> 
     </span>
    </p>

    <p class='ocr_par' dir='ltr' id='par_1_34' title="bbox 304 3040 1730 3117">
     <span class='ocr_line' id='line_1_34' title="bbox 304 3040 1730 3117; baseline 0.003 -26"><span class='ocrx_word' id='word_1_196' title='bbox 304 3041 453 3091; x_wconf 91' lang='lat' dir='ltr'>Tunc</span> <span class='ocrx_word' id='word_1_197' title='bbox 492 3040 638 3092; x_wconf 89' lang='lat' dir='ltr'>rudis</span> <span class='ocrx_word' id='word_1_198' title='bbox 677 3043 960 3117; x_wconf 85' lang='lat' dir='ltr'>Aegyptus</span> <span class='ocrx_word' id='word_1_199' title='bbox 999 3059 1218 3108; x_wconf 90' lang='lat' dir='ltr'>campos</span> <span class='ocrx_word' id='word_1_200' title='bbox 1257 3052 1311 3093; x_wconf 89' lang='lat' dir='ltr'>et</span> <span class='ocrx_word' id='word_1_201' title='bbox 1349 3044 1484 3094; x_wconf 87' lang='lat' dir='ltr'>dura</span> <span class='ocrx_word' id='word_1_202' title='bbox 1521 3044 1730 3095; x_wconf 88' lang='lat' dir='ltr'>colebat</span> 
     </span>
    </p>

    <p class='ocr_par' dir='ltr' id='par_1_35' title="bbox 304 3131 1663 3197">
     <span class='ocr_line' id='line_1_35' title="bbox 304 3131 1663 3197; baseline 0.003 -17"><span class='ocrx_word' id='word_1_203' title='bbox 304 3131 508 3196; x_wconf 77' lang='lat' dir='ltr'>iugera,</span> <span class='ocrx_word' id='word_1_204' title='bbox 550 3147 646 3181; x_wconf 90' lang='lat' dir='ltr'>nec</span> <span class='ocrx_word' id='word_1_205' title='bbox 684 3148 871 3182; x_wconf 87' lang='lat' dir='ltr'>causas</span> <span class='ocrx_word' id='word_1_206' title='bbox 910 3148 1087 3182; x_wconf 91' lang='lat' dir='ltr'>rerum</span> <span class='ocrx_word' id='word_1_207' title='bbox 1127 3132 1399 3197; x_wconf 89' lang='lat' dir='ltr'>speculata</span> <span class='ocrx_word' id='word_1_208' title='bbox 1439 3132 1663 3184; x_wconf 89' lang='lat' dir='ltr'>latentes</span> 
     </span>
    </p>

    <p class='ocr_par' dir='ltr' id='par_1_36' title="bbox 305 3219 1532 3279">
     <span class='ocr_line' id='line_1_36' title="bbox 305 3219 1532 3279; baseline 0.004 -10"><span class='ocrx_word' id='word_1_209' title='bbox 305 3219 557 3279; x_wconf 89' lang='lat' dir='ltr'>Noverat,</span> <span class='ocrx_word' id='word_1_210' title='bbox 598 3229 812 3270; x_wconf 90' lang='lat' dir='ltr'>aeterno</span> <span class='ocrx_word' id='word_1_211' title='bbox 851 3220 1115 3270; x_wconf 88' lang='lat' dir='ltr'>currentia</span> <span class='ocrx_word' id='word_1_212' title='bbox 1151 3219 1327 3271; x_wconf 88' lang='lat' dir='ltr'>sidera</span> <span class='ocrx_word' id='word_1_213' title='bbox 1367 3232 1532 3276; x_wconf 87' lang='lat' dir='ltr'>motu.</span> 
     </span>
    </p>

    <p class='ocr_par' dir='ltr' id='par_1_37' title="bbox 307 3307 1679 3375">
     <span class='ocr_line' id='line_1_37' title="bbox 307 3307 1679 3375; baseline 0.003 -18"><span class='ocrx_word' id='word_1_214' title='bbox 307 3307 597 3374; x_wconf 89' lang='lat' dir='ltr'>Lanigeros</span> <span class='ocrx_word' id='word_1_215' title='bbox 635 3325 819 3358; x_wconf 88' lang='lat' dir='ltr'>curare</span> <span class='ocrx_word' id='word_1_216' title='bbox 856 3325 1066 3374; x_wconf 79' lang='lat' dir='ltr'>gregeS‚</span> <span class='ocrx_word' id='word_1_217' title='bbox 1106 3326 1238 3358; x_wconf 90' lang='lat' dir='ltr'>cava</span> <span class='ocrx_word' id='word_1_218' title='bbox 1282 3310 1492 3375; x_wconf 89' lang='lat' dir='ltr'>cymbia</span> <span class='ocrx_word' id='word_1_219' title='bbox 1540 3310 1679 3361; x_wconf 89' lang='lat' dir='ltr'>dulci</span> 
     </span>
    </p>

    <p class='ocr_par' dir='ltr' id='par_1_38' title="bbox 307 3396 1599 3450">
     <span class='ocr_line' id='line_1_38' title="bbox 307 3396 1599 3450; baseline 0.003 -4"><span class='ocrx_word' id='word_1_220' title='bbox 307 3397 467 3447; x_wconf 90' lang='lat' dir='ltr'>Lacte</span> <span class='ocrx_word' id='word_1_221' title='bbox 504 3413 759 3447; x_wconf 89' lang='lat' dir='ltr'>coronare</span> <span class='ocrx_word' id='word_1_222' title='bbox 798 3407 853 3447; x_wconf 89' lang='lat' dir='ltr'>et</span> <span class='ocrx_word' id='word_1_223' title='bbox 891 3396 1046 3447; x_wconf 87' lang='lat' dir='ltr'>mites</span> <span class='ocrx_word' id='word_1_224' title='bbox 1084 3397 1283 3448; x_wconf 88' lang='lat' dir='ltr'>nutrire</span> <span class='ocrx_word' id='word_1_225' title='bbox 1321 3397 1599 3450; x_wconf 76' lang='lat' dir='ltr'>iuvencos:</span> 
     </span>
    </p>

    <p class='ocr_par' dir='ltr' id='par_1_39' title="bbox 305 3484 1807 3554">
     <span class='ocr_line' id='line_1_39' title="bbox 305 3484 1807 3554; baseline 0.003 -20"><span class='ocrx_word' id='word_1_226' title='bbox 305 3486 454 3536; x_wconf 89' lang='lat' dir='ltr'>Tunc</span> <span class='ocrx_word' id='word_1_227' title='bbox 493 3484 789 3537; x_wconf 90' lang='lat' dir='ltr'>communis</span> <span class='ocrx_word' id='word_1_228' title='bbox 825 3494 940 3536; x_wconf 87' lang='lat' dir='ltr'>erat</span> <span class='ocrx_word' id='word_1_229' title='bbox 978 3485 1144 3545; x_wconf 88' lang='lat' dir='ltr'>labor,</span> <span class='ocrx_word' id='word_1_230' title='bbox 1188 3486 1290 3536; x_wconf 88' lang='lat' dir='ltr'>hoc</span> <span class='ocrx_word' id='word_1_231' title='bbox 1328 3487 1598 3553; x_wconf 89' lang='lat' dir='ltr'>Aegyptia</span> <span class='ocrx_word' id='word_1_232' title='bbox 1638 3489 1807 3554; x_wconf 90' lang='lat' dir='ltr'>pubes</span> 
     </span>
    </p>

    <p class='ocr_par' dir='ltr' id='par_1_40' title="bbox 306 3573 1649 3639">
     <span class='ocr_line' id='line_1_40' title="bbox 306 3573 1649 3639; baseline 0.002 -16"><span class='ocrx_word' id='word_1_233' title='bbox 306 3573 598 3624; x_wconf 83' lang='lat' dir='ltr'>Exercebat</span> <span class='ocrx_word' id='word_1_234' title='bbox 634 3590 787 3639; x_wconf 89' lang='lat' dir='ltr'>opus,</span> <span class='ocrx_word' id='word_1_235' title='bbox 828 3573 1121 3639; x_wconf 87' lang='lat' dir='ltr'>glebasque</span> <span class='ocrx_word' id='word_1_236' title='bbox 1161 3573 1416 3625; x_wconf 87' lang='lat' dir='ltr'>domabat</span> <span class='ocrx_word' id='word_1_237' title='bbox 1454 3585 1649 3627; x_wconf 89' lang='lat' dir='ltr'>aratro.</span> 
     </span>
    </p>

    <p class='ocr_par' dir='ltr' id='par_1_41' title="bbox 306 3660 1736 3716">
     <span class='ocr_line' id='line_1_41' title="bbox 306 3660 1736 3716; baseline 0.003 -6"><span class='ocrx_word' id='word_1_238' title='bbox 306 3661 489 3712; x_wconf 89' lang='lat' dir='ltr'>Traxit</span> <span class='ocrx_word' id='word_1_239' title='bbox 526 3662 594 3712; x_wconf 95' lang='lat' dir='ltr'>ab</span> <span class='ocrx_word' id='word_1_240' title='bbox 633 3661 715 3712; x_wconf 90' lang='lat' dir='ltr'>his</span> <span class='ocrx_word' id='word_1_241' title='bbox 753 3662 893 3713; x_wconf 90' lang='lat' dir='ltr'>curis</span> <span class='ocrx_word' id='word_1_242' title='bbox 931 3660 1137 3712; x_wconf 90' lang='lat' dir='ltr'>animos</span> <span class='ocrx_word' id='word_1_243' title='bbox 1177 3662 1445 3716; x_wconf 86' lang='lat' dir='ltr'>Abramus</span> <span class='ocrx_word' id='word_1_244' title='bbox 1483 3673 1537 3714; x_wconf 90' lang='lat' dir='ltr'>et</span> <span class='ocrx_word' id='word_1_245' title='bbox 1576 3665 1736 3715; x_wconf 90' lang='lat' dir='ltr'>altam</span> 
     </span>
    </p>
   </div>
  </div>
 </body>
</html>
