2508 3978
1091 96 1326 146 —83—

259 216 328 266 Et
366 214 566 265 Phoebi
606 214 697 264 lux
733 214 874 264 alma
910 213 1053 264 diem
1092 213 1343 264 diffundit
1381 231 1622 280 opacam.

263 305 375 354 Iam
417 302 623 353 coelum
663 301 885 353 insolitis
925 302 1111 353 reboat
1150 301 1455 368 mugitibuS,
1496 303 1683 368 ingens

261 391 489 442 Nimbus
526 391 694 451 adest,
734 391 917 456 sugere
954 391 1110 451 serae,
1151 391 1335 456 sugere
1372 391 1639 443 volucres:

265 479 509 530 Flumina
546 478 786 530 certatim
825 478 1043 529 tumidis
1082 479 1340 530 Nereides
1378 480 1551 539 undiS,

267 569 337 619 Et
373 569 507 618 freta
545 568 816 627 tollebant,
856 566 1012 632 nigro
1052 567 1302 632 pallentia
1339 569 1506 619 coelo.

269 656 464 707 Nubila
501 656 906 722 conglomerans
943 655 1129 721 pennis
1168 656 1468 707 rorantibus
1505 658 1699 708 Auster

267 745 577 810 AethiopeS,
619 743 950 809 Libyamque
988 761 1147 809 super
1183 743 1441 795 stridente
1478 746 1659 796 volatu

269 835 388 884 Ibat
424 843 479 884 et
515 832 747 883 excussis
786 833 1044 883 ardebant
1081 832 1294 898 ignibus
1332 851 1508 889 aurae.

270 922 490 973 Aeoliae
528 922 707 972 tremit
745 938 903 972 omne
940 922 1130 982 solum,
1161 921 1296 980 ,furit
1334 923 1551 983 Aeolus,
1592 933 1744 974 antra

272 1012 463 1061 Fracta
500 1019 706 1070 sonant,
746 1009 992 1075 factoque
1029 1010 1212 1061 volant
1248 1011 1435 1076 procul
1473 1011 1686 1077 agmine
1724 1013 1884 1063 venti.

274 1100 653 1151 Contremuere
690 1098 864 1158 urbes,
905 1098 1082 1150 tristes
1119 1116 1215 1165 per
1253 1117 1375 1150 rura
1412 1101 1586 1151 coloni

277 1189 483 1254 Cogere
520 1188 589 1237 ab
627 1187 796 1238 imbre
832 1204 1042 1253 greges,
1082 1187 1411 1254 stabulisque
1448 1199 1686 1240 armenta
1725 1190 1859 1241 tueri

277 1279 421 1328 Dum
461 1286 764 1342 properant,
800 1276 1083 1327 crescentis
1121 1293 1291 1342 aquae
1329 1276 1438 1328 lata
1474 1295 1707 1344 aequora
1746 1296 1931 1329 cursus

280 1365 599 1432 Impediunt,
637 1365 831 1416 frustra
867 1365 1099 1430 pecudes
1137 1364 1399 1417 balatibus
1437 1384 1607 1433 agnos

281 1454 594 1514 Sollicitant,
633 1455 932 1520 frustraque
969 1465 1162 1506 vocant
1198 1473 1295 1507 sua
1331 1473 1497 1522 parva
1533 1457 1767 1523 capellae

286 1545 532 1611 Pignora,
572 1543 875 1594 convellunt
911 1544 1164 1595 frondosa
1200 1545 1476 1596 cacumina
1514 1546 1702 1597 Cauri:

286 1632 662 1698 Diripiuntque
700 1649 865 1692 caSaS,
906 1632 1238 1699 volitantque
1275 1651 1370 1699 per
1410 1642 1533 1685 aera
1563 1635 1746 1693 culmi.

285 1721 559 1772 Attonitae
598 1729 794 1771 matres
830 1719 1026 1771 strictis
1065 1721 1134 1771 ad
1174 1731 1391 1787 pectora
1429 1723 1566 1774 natis

288 1810 474 1860 Ardua
511 1818 651 1860 tecta
690 1817 893 1874 petunt,
933 1808 1183 1859 iuvenum
1222 1811 1491 1862 robustior
1528 1822 1675 1863 aetas

289 1900 535 1948 Annosas
573 1897 832 1947 scandunt
869 1913 1109 1963 quercuS,
1148 1898 1464 1966 fugiuntque
1500 1911 1732 1966 repente,

294 1988 418 2052 Quo
455 1986 582 2036 nulli
621 1985 820 2051 fugisse
858 1986 1030 2047 datur,
1071 1987 1290 2039 confusa
1327 2006 1423 2054 per
1460 1990 1617 2041 urbes

295 2073 578 2135 Infantum,
618 2074 975 2140 iuvenumque
1011 2086 1203 2126 sonant
1239 2078 1486 2139 lamenta,
1528 2096 1843 2146 senumque.

298 2166 411 2214 Itur
450 2164 502 2214 in
542 2164 776 2215 excelsas
814 2173 984 2214 turres
1023 2174 1078 2215 et
1114 2182 1323 2216 summa
1361 2167 1645 2219 domorum

299 2253 577 2303 Culmina:
621 2253 902 2317 Neptunus
939 2270 1210 2318 spumans,
1251 2235 1526 2307 ultricibus
1564 2258 1735 2318 undiS,

302 2340 603 2406 Insequitur
641 2339 878 2402 miseros,
920 2351 1125 2393 arctant
1161 2345 1461 2408 praesentia
1499 2346 1622 2402 sata.

305 2430 482 2479 Imbre
520 2429 737 2479 madent
773 2429 997 2491 tunicae,
1038 2431 1297 2496 porrectis
1336 2433 1567 2486 crinibus
1607 2437 1749 2487 unda

307 2517 578 2583 Liquitur:
622 2518 894 2568 Oceanum
934 2519 1081 2570 dicas
1118 2537 1184 2570 ex
1221 2521 1437 2573 aethere
1473 2523 1598 2579 labi.

305 2607 380 2657 'Et
416 2607 681 2672 lacrymae
719 2606 1007 2658 miscentur
1043 2607 1212 2674 aquiS,
1253 2609 1323 2660 ad
1363 2610 1543 2662 nubila
1580 2613 1773 2664 frustra

310 2696 592 2746 Tolluntur
630 2713 751 2746 cum
790 2712 921 2747 voce
959 2713 1162 2760 manus,
1203 2715 1297 2749 sua
1337 2700 1552 2751 numina
1590 2702 1817 2768 quisque

313 2784 554 2834 Clamat:
597 2783 650 2833 in
689 2794 891 2835 erectas
931 2785 1132 2836 Boreae
1170 2785 1422 2839 violentia
1459 2789 1657 2841 frontes

315 2873 576 2923 Nimboso
615 2872 760 2938 spuit
796 2890 890 2924 ore
928 2883 1116 2925 tonans
1155 2885 1209 2927 et
1246 2877 1409 2927 verba
1446 2889 1754 2943 precantum

315 2961 566 3020 Suffocat‚
607 2978 674 3012 ne
710 2961 846 3012 sorte
886 2962 987 3013 Dei
1027 2963 1318 3015 referantur
1355 2966 1425 3016 ad
1464 2984 1633 3019 aures.

319 3051 538 3114 Iamque
576 3049 908 3114 superfusum
949 3067 1168 3116 campos
1204 3052 1556 3106 absconderat
1591 3073 1808 3122 aequor,

320 3138 479 3187 Nulla
517 3137 673 3203 fugae
712 3148 971 3207 superest,
1011 3151 1252 3205 superest
1289 3158 1412 3207 spes
1450 3145 1594 3195 nulla
1631 3146 1831 3198 salutiS.

322 3226 470 3276 Haec
510 3226 648 3276 vada
686 3242 792 3277 non
831 3244 1036 3293 gressu,
1076 3246 1184 3280 non
1223 3240 1347 3282 sunt
1385 3233 1637 3284 tentanda
1675 3244 1887 3286 natatu:

323 3315 393 3365 Et
430 3313 535 3364 iam
576 3314 841 3366 montanis
878 3316 1097 3368 veniunt
1133 3319 1224 3384 qui
1265 3336 1295 3370 e
1333 3320 1566 3372 fontibus
1603 3339 1801 3384 amne5‚

325 3403 394 3453 Et
430 3419 566 3469 quae
608 3419 704 3468 per
741 3420 960 3469 campos
997 3406 1119 3457 latis
1155 3408 1295 3459 vada
1332 3425 1563 3460 concava
1603 3411 1732 3476 ripis

327 3490 524 3556 Magna
562 3491 703 3542 mole
740 3492 925 3555 fluunt,
964 3495 1173 3559 gremio
1209 3497 1488 3562 complexa
1525 3500 1723 3564 capaci,

329 3577 431 3628 Vix
468 3587 616 3629 tanto
654 3579 782 3631 satis
820 3590 902 3632 est
939 3582 1085 3633 oneri
1125 3583 1395 3649 Neptunia
1434 3585 1614 3638 DoriS.

331 3669 442 3717 lam
481 3667 626 3717 solae
662 3669 926 3731 extabant,
966 3671 1172 3723 excelsa
1209 3673 1482 3725 cacumina
1520 3676 1807 3741 quondam,
