2508 3978
1227 131 1458 183 -34-

394 252 549 302 Nunc
587 251 829 310 humileS,
871 266 1180 316 mersaeque
1218 250 1337 301 altis
1375 250 1428 300 in
1467 250 1713 300 fluctibus
1750 250 1930 316 Alpes.

393 340 613 391 Utribus
652 339 830 399 innixi,
863 339 1173 405 'tabulisque
1209 339 1279 390 ad
1317 349 1535 404 pectora
1573 338 1754 390 tractis

390 428 776 494 Complexique
814 428 990 479 trabes
1029 428 1277 478 haustum
1317 445 1476 494 saepe
1513 444 1605 478 ore
1643 427 1929 478 vomebant

390 517 681 576 Oceanum,
725 517 938 567 tandem
978 515 1104 566 victi
1140 516 1575 582 voppugnantibus
1614 516 1771 566 undis

389 606 500 655 Ora
539 607 638 656 sub
677 605 964 656 immensos
1003 605 1315 672 mergebant
1352 605 1550 670 pallida
1587 605 1792 659 fluctus,

387 694 627 745 Vallibus
663 713 728 745 ex
767 695 888 745 imis
925 695 1182 761 profugos
1220 695 1309 760 qui
1350 711 1558 745 summa
1594 694 1843 745 tenebant

384 782 644 842 Culmina,
687 792 1072 848 montanosque
1111 782 1304 848 apices,
1343 799 1463 832 cum
1504 783 1678 833 Nerea
1704 800 1926 849 semper

382 871 510 922 Alta
550 872 722 938 magis
760 881 940 937 petere
978 882 1031 922 et
1069 872 1239 937 plenis
1277 872 1346 922 de
1383 872 1610 923 nubibus
1649 873 1844 923 imbres

383 960 640 1011 Certatim
680 978 832 1011 ruere
870 970 924 1011 et
962 961 1066 1011 iam
1106 969 1332 1011 mortem
1371 961 1566 1012 instare
1602 961 1859 1012 viderent.

383 1049 650 1100 Poenituit
689 1050 920 1109 tandem,
961 1065 1213 1115 serasque
1249 1049 1446 1100 dedere
1483 1060 1755 1116 gementes

382 1139 751 1205 Nequicquam
791 1138 1052 1204 lacrymas
1089 1147 1143 1189 et
1179 1139 1360 1189 fallere
1396 1139 1613 1190 numina
1650 1140 1789 1190 votis

379 1227 649 1287 Consueti,
691 1245 855 1294 quum
894 1237 1022 1278 vota
1061 1228 1264 1287 darent,
1305 1227 1512 1278 ridebat
1550 1228 1832 1294 Olympus,

652 1317 1056 1382 (Prosequitur
1097 1317 1490 1382 descriplionem
1529 1319 1720 1382 magni
1752 1319 1984 1383 diluvii).

527 1405 771 1455 Flumina
802 1421 908 1456 non
946 1415 1138 1456 norant
1175 1405 1334 1471 ripaS,
1374 1422 1470 1456 nec
1507 1405 1688 1456 littora
1726 1405 1950 1466 fluctus;

374 1494 567 1544 Aeriae
605 1494 848 1544 volucres
886 1493 1111 1545 humore
1135 1493 1483 1545 madentibus
1520 1495 1618 1545 alis

376 1583 655 1648 Praecipiti
695 1599 820 1633 casu
858 1583 1039 1648 lapsae
1076 1600 1196 1634 cum
1236 1583 1452 1634 brachia
1489 1583 1713 1634 multum

373 1672 664 1723 lactassent
701 1672 910 1738 pelag0,
953 1672 1118 1722 satum
1156 1672 1372 1723 tandem
1412 1689 1505 1723 ore
1542 1672 1836 1723 trahebant.

375 1762 612 1827 Fugerat
649 1760 703 1811 in
741 1761 924 1811 latices
964 1761 1248 1826 Rhodope,
1290 1778 1621 1827 magnusque
1658 1761 1857 1812 latebat

372 1850 684 1915 Apenninus
723 1850 891 1916 aquiS,
933 1850 1088 1915 nigro
1127 1850 1227 1900 sub
1264 1850 1480 1916 gurgite
1517 1867 1782 1900 summum

370 1941 640 1990 Presserat
678 1940 817 1990 Ossa
854 1949 1030 2004 caput,
1071 1956 1177 1989 non
1215 1939 1507 2005 apparebat
1545 1938 1764 2004 Olympi

370 2028 528 2078 Altus
569 2045 721 2093 apex,-
763 2027 892 2093 ipsis
930 2027 1118 2078 avibus
1155 2044 1262 2078 non
1300 2027 1513 2093 pervius
1540 2033 1707 2078 ante:

366 2117 516 2167 Tunc
556 2126 732 2167 tamen
771 2125 826 2167 et
863 2116 1038 2167 curvis
1075 2117 1279 2166 ratibus
1317 2116 1386 2181 (si
1423 2116 1642 2167 forsitan
1681 2117 1769 2167 ina

365 2207 530 2256 Aetas
570 2223 664 2256 usa
703 2206 801 2256 fuit
839 2206 1080 2269 ratibus),
1122 2205 1408 2272 pecorique
1446 2207 1650 2257 marino

367 2293 601 2353 Pervius,
643 2310 910 2359 aequoreo
949 2310 1086 2359 quae
1123 2310 1414 2359 numquam
1453 2294 1676 2360 tingitur
1713 2294 1881 2345 imbre

363 2382 563 2432 Vicinis
602 2382 779 2433 timuit
816 2382 984 2448 mergi
1024 2383 1122 2432 sub
1161 2382 1406 2433 fluctibus
1444 2384 1600 2437 Ursa.

363 2471 507 2536 Apta
546 2471 693 2536 prius
733 2470 871 2521 bello
910 2479 1070 2537 atque
1109 2470 1269 2521 armis
1307 2487 1528 2536 procera
1566 2472 1856 2538 Gigantum

364 2559 604 2625 Corpora
643 2577 763 2609 cum
803 2559 997 2624 parviS,
1039 2559 1194 2610 turba
1231 2576 1352 2610 cum
1392 2577 1624 2626 paupere
1668 2578 1821 2626 reges

365 2649 620 2714 Purpurei
661 2650 859 2699 nabant
895 2649 1007 2700 sine
1047 2649 1322 2700 maiestate
1360 2649 1560 2715 supinis

364 2738 689 2798 PectoribuS,
731 2754 906 2788 merso
944 2739 1044 2789 sub
1083 2739 1297 2804 gurgite
1334 2739 1563 2789 foemina
1601 2739 1766 2798 vultu,

364 2825 690 2892 Diffusisque
729 2827 863 2877 freto
902 2826 1048 2877 vittis
1087 2837 1140 2877 et
1177 2827 1410 2878 crinibus
1447 2827 1573 2878 ibat.

362 2915 591 2965 Involvit
629 2932 744 2966 sors
783 2933 887 2966 una
924 2932 1108 2966 omnes
1146 2916 1448 2966 discrimine
1487 2917 1650 2970 nullo,

361 3003 627 3069 GrypheS‚
666 3003 804 3070 equi,
846 3005 1036 3054 damae
1075 3014 1235 3070 atque
1273 3022 1444 3065 caneS,
1486 3006 1626 3055 cervi
1666 3007 1827 3071 atque
1865 3004 2059 3065 leones,

359 3092 533 3154 Agna,
575 3093 731 3158 lupus
770 3092 926 3143 simul
965 3093 1226 3153 errabant,
1267 3093 1554 3144 certamina
1592 3093 1699 3144 litis

359 3180 507 3229 Mors
547 3180 762 3240 dirimit,
804 3191 1111 3247 certamque
1149 3181 1262 3232 dies
1300 3182 1440 3247 parit
1477 3182 1662 3232 ultima
1700 3199 1901 3247 pacem.

360 3268 581 3334 Iamque
620 3269 877 3329 homines,
920 3270 1132 3336 iamque
1170 3271 1312 3320 unda
1350 3271 1486 3321 feras
1523 3270 1776 3336 populata
1815 3271 2010 3321 fluebat

360 3356 569 3417 Libera,
611 3374 717 3408 non
755 3358 975 3424 scopuli,
1017 3368 1132 3409 toto
1171 3376 1276 3409 non
1315 3358 1484 3409 insula
1521 3369 1703 3424 ponto,

359 3446 471 3494 Nec
512 3445 750 3510 Cyprum
790 3447 970 3497 Venus
1009 3448 1148 3497 alma
1186 3447 1347 3506 videt,
1388 3464 1485 3497 nec
1525 3448 1785 3513 Delphica
1825 3448 2069 3498 Phoebus

357 3532 596 3598 Templa,
637 3551 734 3583 nec
773 3534 989 3584 Alcides
1029 3535 1256 3594 Thebas),
1298 3552 1395 3585 nec
1435 3535 1665 3600 Cynthia
1705 3535 1894 3594 Delon,

357 3621 469 3670 Nec
509 3622 642 3673 Iuno
680 3639 776 3672 sua
815 3640 936 3673 rura
975 3624 1190 3682 Samon,
1232 3633 1340 3674 nec'
1366 3623 1567 3674 Gnosia
1606 3625 1769 3689 regna

357 3709 608 3773 Iuppiter,
649 3711 877 3761 extincta
915 3712 1052 3777 fugit
1089 3712 1355 3762 Vulcanus
1395 3712 1462 3762 ab
1501 3714 1706 3762 Aetna:
1783 3736 1786 3739 ·
1872 3737 1874 3739 ·
