2508 3978
1171 132 1409 184 -73-

339 252 460 316 Ipse
499 268 672 302 arcem
712 267 883 315 super>
909 250 1187 309 excelsam,
1227 266 1387 315 super
1424 248 1590 298 ardua
1630 246 1814 297 mundi

339 339 598 398 Culmina‚
640 356 746 403 qua
784 354 995 388 roseum
1036 353 1259 403 surgens
1297 354 1490 388 aurora
1528 336 1762 386 colorem
1794 328 1795 331 Ἴ

341 428 600 493 Explicat,
640 437 857 477 aeterno
896 435 1100 491 patrem
1141 426 1502 476 modulamine
1542 424 1777 484 laudant,

341 516 651 582 Cunctaque
689 513 951 565 distinctis
989 524 1175 579 aptant
1213 514 1458 564 mortalia
1497 514 1650 564 satis:

343 603 605 654 Humanis
644 603 807 669 igitur
845 603 887 653 si
930 603 1078 653 mitia
1116 602 1332 652 numina
1371 603 1528 652 rebus

343 692 622 743 Cernimus
661 691 908 758 antiquos
948 702 1153 742 tantum
1193 708 1405 742 curasse
1443 691 1671 752 laboreS,

346 782 421 831 Ut
459 782 668 831 tardata
707 780 844 846 polis
884 781 1068 831 mundi
1108 780 1422 831 mirantibus
1460 789 1603 830 astra

344 868 623 920 Paruerint
661 869 880 930 homini,
921 870 1082 920 credo
1120 869 1163 919 si
1203 870 1380 920 nescia
1417 868 1568 929 labis,

347 959 591 1024 Totaque
629 958 729 1008 sub
769 958 948 1024 magni
988 958 1270 1023 imperium
1308 957 1502 1008 collata
1529 955 1788 1007 Tonantis

349 1047 573 1111 Semper
611 1056 793 1097 nostra
831 1046 932 1111 piis
971 1057 1181 1111 pareret
1218 1046 1428 1111 legibus
1467 1055 1631 1106 aetaS‚

350 1134 591 1185 Sollicito
630 1144 829 1185 terrore
867 1152 1051 1185 carens
1089 1135 1327 1185 felicibus
1365 1135 1525 1185 armis

352 1224 605 1274 Mortales
645 1234 864 1289 agerent
902 1224 1001 1274 sub
1043 1223 1159 1274 Diis
1198 1224 1508 1275 custodibus
1548 1241 1754 1283 aevum,

352 1313 655 1378 Nostraque
694 1330 801 1363 non
840 1312 1022 1363 nimbo
1062 1322 1318 1372 metuens,
1359 1330 1465 1363 non
1507 1313 1666 1363 missa
1704 1329 1799 1378 per
1837 1328 1993 1362 auras

352 1401 576 1451 Ardenti
621 1401 762 1452 Iovis
800 1419 948 1452 arma
987 1419 1176 1462 manu,·
1204 1419 1309 1452 non
1350 1411 1502 1452 torva
1541 1402 1759 1452 furentis

356 1492 466 1540 Ora
507 1490 651 1550 Noti,
696 1490 953 1555 Libycum
994 1507 1248 1555 spumans
1287 1490 1479 1556 quibus
1518 1507 1718 1555 aequor
1756 1489 1809 1540 in
1848 1490 2014 1540 altum

356 1578 583 1629 Tollitur
620 1589 673 1628 et
711 1579 913 1644 campis
950 1589 1159 1630 versata
1197 1579 1519 1645 liquentibus
1557 1579 1700 1628 unda

358 1668 537 1733 Serpit
574 1667 627 1717 in
666 1668 975 1728 Ausoniam,
1018 1668 1375 1733 tyrrhenaque
1412 1668 1591 1718 littora
1628 1668 1830 1733 pulsat:

359 1757 467 1807 Sed
506 1773 678 1822 neque
718 1766 856 1806 tecta
895 1756 1086 1806 timens
1125 1774 1283 1807 caeco
1322 1757 1421 1807 sub
1460 1756 1674 1822 gurgite
1711 1773 1854 1817 saxa,

361 1847 482 1896 Non
521 1846 674 1905 vada,
716 1862 822 1896 non
860 1846 1126 1911 scopulos,
1169 1847 1461 1896 Turcarum
1502 1864 1533 1895 a
1571 1846 1748 1896 littore
1785 1844 1989 1906 victrix,

364 1936 636 2000 Foetaque
675 1935 952 2000 multiplici
993 1945 1251 1985 remearet
1288 1936 1504 1985 foenore
1542 1934 1740 1989 classis.

870 2024 1137 2085 Quomodo
1175 2025 1325 2074 Deus
1351 2025 1648 2089 placandus
1683 2027 1768 2074 sit.

525 2115 691 2178 (Petit
726 2115 787 2162 id
817 2114 922 2163 sibi
955 2132 1001 2163 a-
1028 2115 1204 2164 Musis
1248 2119 1520 2178 tamquam
1570 2115 1797 2178 Angelis
1841 2114 2107 2177 revelari),

515 2204 636 2267 Qua
674 2219 831 2267 prece
869 2202 1082 2268 placari,
1125 2219 1232 2268 quo
1272 2201 1478 2267 possint
1517 2219 1735 2252 munere
1773 2201 1913 2252 flecti

367 2291 614 2351 Numina,
657 2291 970 2352 Castalides,
1011 2291 1292 2352 ostendite,
1332 2290 1551 2341 numina
1589 2290 1745 2340 vobis

370 2380 629 2445 Cognita3
670 2380 995 2445 terrigenfim
1036 2380 1260 2430 miserae
1299 2379 1586 2430 succurrite
1626 2379 1773 2431 sorti.

372 2471 514 2519 Dum
554 2486 757 2534 precor,
800 2469 1014 2529 Uranie,
1055 2469 1137 2519 cui
1178 2468 1354 2519 sidera
1393 2477 1535 2528 nota,
1578 2469 1862 2534 Deumque

373 2560 553 2618 Tecta,
594 2558 876 2623 supercilio
913 2558 990 2607 sic
1028 2567 1110 2608 est
1147 2557 1304 2608 effata
1341 2573 1555 2608 sereno:

377 2648 616 2712 Corpora
653 2646 844 2697 siderei
895 2647 1031 2697 sicut
1070 2646 1314 2697 mortalia
1352 2647 1486 2697 coeli

378 2736 607 2800 Imperio
645 2736 868 2785 subsunt
905 2746 959 2786 et
996 2736 1138 2786 nulla
1174 2736 1458 2786 rebellibus
1497 2735 1656 2786 armis

380 2826 525 2875 Bella
564 2825 775 2884 audent,
816 2825 1055 2891 sequitur
1093 2841 1313 2890 magnes
1353 2824 1713 2874 Erimantidos
1753 2834 1973 2884 astrum,

380 2915 449 2964 Et
487 2931 594 2980 quo
633 2915 757 2964 luna
795 2915 941 2964 iubet
977 2913 1114 2979 fugit
1151 2924 1313 2980 atque
1350 2913 1630 2963 revertitur
1666 2913 1834 2963 unda:

381 3004 648 3067 Tempora
686 3003 765 3052 sol
804 3002 990 3062 variat,
1030 3002 1105 3051 sic
1143 3019 1290 3051 mens
1327 3012 1540 3051 aeterna
1579 3001 1782 3066 parenti

382 3091 659 3151 Iustitiam,
700 3100 910 3140 sanctos
949 3107 1124 3140 mores
1162 3100 1215 3140 et
1253 3090 1426 3140 laudis
1465 3091 1721 3140 honorem

385 3181 702 3245 Perpetuum
743 3180 916 3239 debet,
958 3188 1082 3229 sunt
1119 3179 1249 3228 haec
1289 3177 1590 3243 gratissima
1630 3177 1779 3228 coelo

383 3268 553 3334 Orgia
591 3277 644 3318 et
683 3267 883 3318 infestis
922 3268 1135 3317 obstare
1173 3267 1412 3332 potentia
1450 3267 1586 3316 fatis.

385 3357 494 3408 Sed
534 3366 816 3422 postquam
856 3356 1011 3421 liquit
1050 3366 1216 3405 terras
1254 3357 1480 3405 Astraea
1519 3363 1786 3413 nocentes,

387 3445 550 3511 Fugit
588 3455 641 3495 et
679 3444 792 3510 ipse
831 3444 1105 3495 hominum
1144 3445 1306 3508 leges,
1348 3444 1439 3509 qui
1478 3442 1722 3493 condidit
1766 3441 1916 3493 ordo.

390 3536 760 3600 Temporeque
798 3550 863 3583 ex
900 3533 991 3583 illo
1031 3533 1223 3583 summi
1263 3531 1553 3583 reverentia
1592 3531 1774 3597 patris,

391 3624 690 3688 Sanctaque
729 3622 894 3672 divini
933 3622 1036 3672 ruit
1073 3621 1408 3672 observantia
1447 3620 1635 3670 cultus,

394 3712 466 3762 Hi
506 3728 734 3776 quoque,
776 3710 867 3776 qui
907 3727 1097 3761 nomen
1138 3710 1206 3760 de
1245 3708 1519 3774 relligione
1557 3707 1843 3772 superbum
