2508 3978
1127 101 1352 141 ..23-

284 211 458 275 Erigit
496 219 550 260 et
587 209 723 260 tristi
761 225 965 261 messor
1002 208 1136 274 ligat
1172 207 1375 259 hordea
1411 208 1599 259 fronte.

284 300 342 350 Si
382 297 644 350 foecunda
679 296 841 348 Ceres
878 307 972 347 aut
1006 295 1131 347 laeti
1167 295 1368 346 viribus
1406 295 1522 361 agri
1608 301 1611 303 ’

283 389 394 438 Aut
433 386 706 437 hominum
744 385 934 436 studiis
971 401 1195 450 usquam
1234 384 1346 444 suit,
1388 383 1567 434 invida
1605 383 1812 450 grando

286 476 445 527 Pulsa
484 493 579 540 per
616 483 802 526 aereos
840 490 1037 539 magno
1075 490 1196 524 cum
1236 489 1506 523 murmure
1544 482 1744 524 tractus

287 564 597 630 Impellente
636 564 781 614 Noto
818 562 1021 621 stravit,
1062 562 1359 627 longosque
1394 561 1602 612 labores

288 652 525 703 Perdidit
561 661 616 702 et
653 650 845 701 nimbis
883 650 1128 701 Cererem
1169 648 1483 715 glacialibus
1520 648 1710 699 hausit.

287 743 353 791 Et
393 740 570 790 Padus
609 739 850 805 ingentes
887 738 1105 789 volvens
1142 755 1208 788 ex
1245 737 1474 803 Alpibus
1511 737 1681 788 undas

286 829 583 888 Insubrum,
621 819 991 893 Venetumque
1028 827 1220 886 domos
1258 826 1554 891 penetravit
1590 835 1644 876 et
1680 842 1867 877 omnes

283 917 588 982 Aggeribus
626 916 803 966 fractis
840 915 954 980 agri
995 915 1224 965 vastavit
1262 915 1505 973 honoreS,

284 1004 397 1054 Nec
437 1003 565 1070 ripis
605 1000 844 1063 tantumg:
867 1003 962 1055 sed
1001 1013 1055 1053 et
1093 1002 1223 1068 ipsis
1261 1002 1418 1053 altior
1455 1002 1566 1052 ibat

282 1093 595 1152 ArboribuS,
636 1092 855 1143 salicum
894 1109 991 1156 per
1027 1108 1236 1142 summa
1272 1090 1547 1141 cacumina
1585 1088 1760 1140 nautis

282 1181 482 1232 Cursus
520 1191 650 1242 erat,
689 1181 825 1247 fugit
865 1180 1041 1231 Protei
1081 1196 1244 1245 pecus
1281 1196 1439 1229 omne
1477 1195 1573 1245 per
1608 1195 1784 1244 agrOS,

283 1270 516 1336 Altaque
554 1279 837 1320 montanae
874 1267 1139 1334 petierunt
1175 1284 1409 1334 aequora
1446 1267 1730 1332 nymphae.

290 1358 439 1409 Sicut
476 1375 596 1408 cum
636 1357 787 1409 bellis
825 1356 951 1408 olim
992 1356 1428 1421 civilibusss-uurbes

118 1433 159 1503 ’ἶῑ
180 1432 542 1520 Άμᾈῖξςζᾳηῐ
563 1446 763 1517 Italae,
802 1463 928 1503 cum.
964 1446 1208 1501 Caesaris
1227 1462 1395 1498 ‚arma
1432 1444 1647 1510 superbi

114 1556 151 1589 ,ν
172 1526 529 1586 Υ-”ι”ΜΪηνειεεῑεὲ
567 1536 703 1586 lares
739 1535 959 1601 patrios,
998 1546 1320 1601 gentemque
1359 1532 1623 1584 Latinam.
1703 1583 1706 1586 Δ

283 1624 419 1674 Mira
456 1642 641 1676 canam
680 1635 734 1675 et
771 1623 964 1675 nostris
1001 1624 1226 1675 fortasse
1262 1623 1544 1689 nepotibus
1583 1621 1710 1673 olim

283 1714 405 1764 Non
444 1713 645 1764 factura
682 1713 866 1764 fidem:
909 1712 1098 1763 Benaci
1137 1729 1321 1777 sparsa
1358 1728 1455 1777 per
1492 1727 1651 1774 agros

278 1803 452 1852 Tanta
490 1803 812 1853 locustarum
851 1802 1033 1861 nubeS,
1075 1810 1134 1851 ut
1171 1800 1392 1866 pinguia
1428 1798 1626 1865 passim

285 1891 487 1940 Pascua
523 1900 578 1942 et
614 1898 824 1941 exortas
861 1899 1087 1954 segetes„
1127 1904 1512 1954 nemorumque
1549 1887 1795 1944 decorem

280 1978 562 2047 Temporis
600 1978 794 2044 exiguo
831 1987 1003 2029 tractu
1042 1977 1432 2044 consumpserit
1468 1993 1698 2027 omnem.

283 2067 400 2117 Nec
434 2076 642 2132 poterat
680 2066 906 2132 sumptis
945 2066 1220 2118 hominum
1260 2066 1477 2118 solertia
1515 2064 1634 2116 telis

284 2155 494 2205 Fatales
532 2171 711 2205 arcere
749 2154 902 2205 seras⁴
943 2154 1089 2206 Cava
1129 2163 1383 2220 tympana
1420 2154 1558 2205 latos

279 2244 579 2308 implebant
614 2243 819 2310 crepitu
857 2259 1091 2309 campOS,
1132 2260 1230 2295 nec
1268 2242 1450 2294 territa
1489 2251 1638 2293 tanto

281 2331 412 2382 Dira
449 2333 561 2383 lues
599 2332 792 2392 sonitu,
833 2332 1116 2383 herbarum
1153 2331 1421 2383 radicibus
1459 2330 1580 2382 imis

280 2420 550 2471 Morsibus
587 2420 867 2472 haerebat:
908 2419 1080 2471 vicina
1118 2437 1214 2487 per
1251 2420 1453 2486 oppida
1490 2428 1776 2485 postquam

280 2509 487 2560 Rumor
525 2508 600 2569 iit,
641 2525 831 2575 capere
869 2527 1017 2560 arma
1055 2509 1171 2569 viri,
1213 2526 1526 2560 concurrere
1564 2508 1752 2559 turbae

278 2598 368 2648 Ad
406 2615 688 2649 commune
726 2598 940 2658 malum,
982 2607 1234 2663 tanquam
1274 2614 1444 2648 novus
1485 2597 1618 2647 Itala
1658 2596 1894 2661 Cymber

281 2689 471 2752 Regna
509 2697 731 2752 premat,
773 2686 987 2738 tandem
1027 2686 1195 2737 multo
1233 2685 1323 2736 vix
1362 2694 1510 2737 tanta
1548 2685 1729 2736 labore

282 2776 493 2825 illuvies
530 2775 705 2841 longis
744 2775 832 2826 vix
869 2785 950 2825 est
988 2785 1303 2840 consumpta
1341 2774 1543 2826 diebus,

280 2865 430 2914 Dura
468 2863 632 2914 sames
671 2862 835 2929 igitur
872 2863 1049 2914 tristes
1088 2863 1342 2928 populata
1379 2862 1598 2914 colonos

279 2952 463 3003 Saevit
498 2961 551 3002 et
588 2951 857 3002 exhaustis
894 2951 1242 3017 languescunt
1279 2967 1503 3016 corpora
1540 2951 1715 3002 venis:

276 3041 485 3106 Vulgus
512 3039 665 3105 inops
701 3040 870 3091 macie
906 3039 1172 3099 affectum,
1212 3039 1584 3106 squallensque
1621 3055 1717 3105 per
1754 3039 1911 3093 urbes

279 3128 457 3179 Poscit
494 3144 651 3193 opem
690 3127 882 3178 frustra
919 3137 973 3178 et
1010 3126 1205 3178 sensim
1244 3127 1425 3179 vitalia
1463 3127 1702 3178 membra

281 3217 435 3267 Victa
473 3215 686 3276 cadunt,
725 3216 998 3282 siccasque
1036 3226 1283 3281 premunt
1321 3215 1514 3267 ieiunia
1552 3216 1745 3270 fauces,

282 3307 394 3356 Nec
433 3314 610 3370 patres
648 3304 800 3365 natiS,
841 3322 938 3356 nec
977 3305 1084 3355 nati
1125 3304 1364 3370 patribus
1402 3305 1625 3358 adsunt:

277 3395 451 3445 Tanta
487 3409 582 3458 per
619 3392 909 3444 humanum
949 3410 1117 3459 genus
1156 3393 1490 3444 inclementia
1527 3403 1735 3459 regnat.

281 3483 403 3533 Non
443 3481 673 3546 Libycae
711 3491 935 3546 segeteS,
975 3499 1081 3532 non
1119 3481 1405 3547 pinguibus
1444 3481 1660 3547 Appula
1698 3480 1899 3547 campis

279 3571 503 3628 Horrea,
544 3587 649 3621 non
691 3568 936 3635 Phrygiis
972 3579 1283 3621 succurrunt
1321 3570 1562 3634 Gargara
1597 3569 1773 3624 sulcis,
