2508 3978
1102 96 1335 139 -57„

269 209 393 259 Non
431 207 579 258 illum
617 206 826 258 blandis
863 223 1097 273 unquam
1138 204 1374 271 peritura
1411 204 1658 268 voluptas

269 297 532 348 Flecteret
567 295 844 357 illecebris,
883 307 982 346 n'ec
1016 294 1143 345 ficto
1181 293 1384 344 falleret
1421 309 1531 343 ore.

270 386 378 437 Sed
417 384 548 436 mihi
586 395 846 437 secretum
885 383 1057 435 voluit
1093 392 1246 449 pater
1283 398 1400 433 esse
1437 382 1704 440 decorem,

269 475 345 526 Ut
379 475 531 526 labor
568 474 862 533 obluctans,
901 472 1280 537 iniucundique
1316 470 1531 522 dolores

270 564 550 615 Humanos
587 573 779 614 acuant
816 560 1039 621 animos,
1079 570 1204 623 post
1240 559 1449 626 perdita
1488 553 1690 624 primae

269 654 493 703 Munera
529 651 773 711 iustitiae,
813 659 1162 716 veterumque
1200 649 1429 699 infausta
1466 655 1745 712 parentum

272 741 445 791 Exilia
482 751 536 792 et
572 757 784 806 pressos
821 738 1015 790 iniecto
1053 738 1237 790 fomite
1274 753 1476 791 sensus,

272 830 322 880 O
362 829 613 880 miserum
653 829 876 880 mortale
913 844 1098 895 genuS,
1139 826 1271 892 quid
1308 825 1494 877 debuit
1531 825 1670 875 ultra

274 919 378 970 Pro
416 929 484 979 te,
524 935 730 984 proque
768 928 860 968 tua
899 918 1047 968 Deus
1085 925 1346 967 attentare
1366 909 1590 965 salute?

273 1007 426 1058 Ultra
463 1007 790 1058 immortales
826 1006 1048 1066 animoS,
1088 999 1460 1071 superaddidit
1495 1012 1636 1055 artes

272 1097 658 1146 Ornamentum
696 1095 900 1162 iugem,
940 1093 1140 1146 sociam
1179 1109 1267 1143 me
1303 1091 1539 1151 tradidit,
1579 1090 1754 1156 ipsum

267 1185 338 1235 Se
376 1184 470 1235 tibi
509 1184 793 1250 pollicitus,
834 1183 968 1235 coeli
1008 1182 1103 1233 tibi
1142 1183 1304 1232 limen
1343 1190 1605 1247 apertum,

268 1273 337 1323 Et
375 1273 515 1339 sugis
553 1283 841 1333 auctorem,
881 1281 1330 1337 servatoremque,
1371 1267 1706 1335 ducemque?

266 1362 336 1412 Et
373 1363 536 1413 chaos
573 1363 858 1413 obscurum
896 1360 1040 1412 claro
1079 1357 1363 1427 praeponis
1401 1358 1676 1426 Olympo?

265 1451 502 1516 Olympo
540 1451 695 1502 sedes
735 1449 825 1501 ubi
865 1460 988 1501 sunt
1026 1460 1080 1501 et
1115 1449 1318 1515 templa
1356 1447 1632 1508 TonantiS,

265 1540 372 1605 Qui
409 1540 530 1590 nive
567 1556 675 1591 non
713 1539 872 1600 albet,
913 1539 1168 1604 nulloque
1206 1537 1467 1589 madescit
1503 1537 1572 1587 ab
1609 1535 1795 1595 imbre,

265 1629 378 1680 Nec
415 1629 655 1696 quatitur
691 1628 879 1689 venti5‚
919 1645 1016 1679 nec
1053 1627 1272 1679 fulmine
1308 1627 1528 1692 vapulat
1559 1625 1686 1676 ullo.

264 1716 455 1768 Gliscit
493 1716 564 1767 ibi
605 1717 719 1768 sine
756 1717 859 1768 fine
897 1716 1066 1783 quieS,
1106 1715 1221 1767 sine
1257 1715 1362 1766 fine
1398 1715 1664 1780 voluptaS,

265 1806 375 1856 Pax
412 1815 641 1866 aeterna,
681 1805 835 1856 iubar
871 1805 1038 1856 stellis
1076 1815 1131 1855 et
1168 1803 1418 1869 Apolline
1457 1803 1643 1854 maius.

263 1894 351 1944 Ah
390 1911 558 1960 genus
596 1894 882 1960 ingratum.
922 1895 1033 1945 fera
1072 1911 1237 1954 mem,
1278 1892 1515 1959 ignobile
1553 1908 1750 1952 semen,

265 1983 572 2048 Degeneres
609 1983 834 2044 animae,
876 2000 1052 2034 mores
1091 1983 1298 2033 imitata
1323 1982 1554 2032 serarum

264 2071 568 2137 Progenie8‚
609 2071 701 2123 tali
739 2072 919 2138 proles
956 2071 1179 2138 indigna
1215 2072 1458 2136 parente!

263 2162 402 2211 Nam
441 2171 594 2227 pater
630 2171 712 2212 est
752 2162 901 2212 Deus
939 2161 1054 2227 ipse
1092 2161 1207 2222 tibi,
1247 2160 1343 2211 tibi
1384 2160 1615 2211 maxima
1651 2160 1808 2210 tellus

264 2250 419 2300 Paret
456 2260 510 2300 et
547 2250 687 2301 illius
726 2250 871 2301 dono
909 2250 1006 2300 tibi
1044 2250 1236 2300 militat
1274 2257 1381 2310 aer,

260 2338 418 2389 Unda
456 2340 653 2399 subest,
692 2339 963 2405 servitque
1001 2339 1096 2390 tibi
1137 2339 1407 2405 Neptunia
1447 2338 1625 2390 Doris,

259 2426 342 2476 Tu
380 2427 614 2493 refugis?
651 2438 964 2495 patremque
1002 2429 1203 2495 negas?
1241 2437 1322 2479 tot
1358 2427 1502 2480 dona
1539 2429 1792 2478 serentem

260 2515 613 2567 Dissimulas?
650 2534 789 2582 quae
827 2534 1000 2583 poena
1039 2517 1145 2568 tuis
1182 2517 1452 2568 erroribus
1490 2534 1662 2582 aequa
1699 2518 1824 2567 est?

258 2604 412 2670 Quae
450 2605 633 2657 sceleri
673 2616 938 2657 tormenta
976 2616 1071 2657 tuo
1108 2606 1406 2657 debentur?
1445 2616 1499 2657 et
1535 2606 1701 2657 audes

257 2694 545 2745 Astriseros
582 2695 750 2746 oculis
787 2705 1030 2761 spectare
1068 2695 1354 2746 rebellibus
1392 2696 1586 2746 orbes?

257 2784 417 2834 Astra
457 2783 569 2845 tibi,
609 2785 844 2852 clarique
880 2785 991 2836 suis
1029 2802 1166 2851 quos
1203 2784 1397 2851 aspicis
1436 2785 1587 2851 ignes

259 2872 496 2923 Motibus
534 2873 758 2939 imperio
796 2873 963 2940 patris
1008 2874 1140 2925 haec
1177 2873 1428 2925 alimenta
1473 2874 1790 2926 ministrant.

259 2961 402 3011 Dum
441 2961 553 3023 tibi,
592 2963 830 3029 dumque
869 2972 963 3014 tuo
1002 2963 1141 3028 patri
1180 2980 1238 3014 se
1276 2963 1490 3014 subiicit
1527 2963 1672 3015 orbis

241 3050 428 3100 'Totus
465 3060 519 3101 et
555 3050 772 3102 assiduo
810 3068 1105 3118 properans
1140 3052 1478 3118 obtemperat
1517 3070 1633 3114 usu,

257 3138 339 3188 Tu
379 3139 571 3190 Veneri
611 3139 844 3201 insudas,
885 3140 1135 3208 avidique
1177 3141 1432 3208 voragine
1467 3141 1668 3194 ventris

257 3228 558 3293 RumperiS,
599 3245 946 3296 escarumque
985 3231 1157 3282 serens
1195 3249 1359 3298 grave
1396 3233 1607 3298 pondus
1646 3233 1877 3283 anhelas,

404 3317 513 3368 Sed
551 3317 683 3384 quid
722 3335 826 3384 ego
865 3319 918 3370 in
958 3320 1090 3371 tales
1128 3320 1201 3371 nil
1239 3321 1518 3387 profutura
1555 3322 1799 3387 querelas

255 3405 465 3457 Effluo?
503 3423 598 3457 cur
636 3406 869 3458 lacrimis
907 3409 1109 3471 oculos,
1150 3409 1470 3476 singultibus
1507 3427 1602 3461 ora

255 3494 622 3561 Nequicquam
664 3495 944 3561 indulges?
984 3506 1076 3547 tua
1112 3514 1208 3549 cur
1244 3498 1504 3549 eviscerat
1541 3499 1641 3550 iste

254 3581 433 3633 Corda
470 3582 641 3644 dolor,
679 3583 950 3649 quondam
989 3585 1199 3647 florenS,
1240 3586 1404 3637 modo
1441 3587 1693 3653 languida
1734 3587 1956 3638 Virtus?

254 3670 323 3720 Et
361 3670 507 3721 videt
547 3681 601 3722 et
637 3671 776 3723 iusta
814 3672 972 3723 librat
1012 3673 1160 3724 Deus
1197 3675 1376 3725 omnia
1415 3676 1581 3726 lance.
