<?xml version="1.0" encoding="UTF-8"?>
<!DOCTYPE html PUBLIC "-//W3C//DTD XHTML 1.0 Transitional//EN"
    "http://www.w3.org/TR/xhtml1/DTD/xhtml1-transitional.dtd">
<html xmlns="http://www.w3.org/1999/xhtml" xml:lang="en" lang="en">
 <head>
  <title>
</title>
<meta http-equiv="Content-Type" content="text/html;charset=utf-8" />
  <meta name='ocr-system' content='tesseract 3.04.00' />
  <meta name='ocr-capabilities' content='ocr_page ocr_carea ocr_par ocr_line ocrx_word'/>
</head>
<body>
  <div class='ocr_page' id='page_1' title='image "./libritresdecalam00spaguoft/libritresdecalam00spaguoft_0050.png"; bbox 0 0 2508 3978; ppageno 0'>
   <div class='ocr_carea' id='block_1_1' title="bbox 1136 110 1387 149">
    <p class='ocr_par' dir='ltr' id='par_1_1' title="bbox 1136 110 1387 149">
     <span class='ocr_line' id='line_1_1' title="bbox 1136 110 1387 149; baseline 0.004 -21"><span class='ocrx_word' id='word_1_1' title='bbox 1136 110 1387 149; x_wconf 61' lang='lat'>..44-</span> 
     </span>
    </p>
   </div>
   <div class='ocr_carea' id='block_1_2' title="bbox 298 216 1931 3747">
    <p class='ocr_par' dir='ltr' id='par_1_2' title="bbox 298 216 1931 3747">
     <span class='ocr_line' id='line_1_2' title="bbox 299 216 1755 283; baseline -0.001 -15"><span class='ocrx_word' id='word_1_2' title='bbox 299 218 496 268; x_wconf 89' lang='lat' dir='ltr'>Pocula</span> <span class='ocrx_word' id='word_1_3' title='bbox 535 235 726 283; x_wconf 90' lang='lat' dir='ltr'>prensa</span> <span class='ocrx_word' id='word_1_4' title='bbox 766 235 924 268; x_wconf 90' lang='lat' dir='ltr'>manu</span> <span class='ocrx_word' id='word_1_5' title='bbox 966 216 1082 268; x_wconf 88' lang='lat' dir='ltr'>sitis</span> <span class='ocrx_word' id='word_1_6' title='bbox 1121 216 1472 282; x_wconf 87' lang='lat' dir='ltr'>implacabilis</span> <span class='ocrx_word' id='word_1_7' title='bbox 1513 216 1717 268; x_wconf 87' lang='lat' dir='ltr'>haurit:</span> <span class='ocrx_word' id='word_1_8' title='bbox 1753 254 1755 257; x_wconf 62' lang='lat'><em>.</em></span> 
     </span>
     <span class='ocr_line' id='line_1_3' title="bbox 299 304 1651 370; baseline 0 -14"><span class='ocrx_word' id='word_1_9' title='bbox 299 306 369 356; x_wconf 88' lang='lat' dir='ltr'>Et</span> <span class='ocrx_word' id='word_1_10' title='bbox 407 307 594 357; x_wconf 90' lang='lat' dir='ltr'>crebro</span> <span class='ocrx_word' id='word_1_11' title='bbox 634 305 893 359; x_wconf 88' lang='lat' dir='ltr'>exhilarat</span> <span class='ocrx_word' id='word_1_12' title='bbox 934 305 1174 356; x_wconf 91' lang='lat' dir='ltr'>Bacchus</span> <span class='ocrx_word' id='word_1_13' title='bbox 1219 304 1463 356; x_wconf 88' lang='lat' dir='ltr'>convivia</span> <span class='ocrx_word' id='word_1_14' title='bbox 1501 315 1651 370; x_wconf 90' lang='lat' dir='ltr'>potu.</span> 
     </span>
     <span class='ocr_line' id='line_1_4' title="bbox 299 393 1840 461; baseline -0.001 -17"><span class='ocrx_word' id='word_1_15' title='bbox 299 394 540 454; x_wconf 91' lang='lat' dir='ltr'>Garrula,</span> <span class='ocrx_word' id='word_1_16' title='bbox 581 395 740 454; x_wconf 92' lang='lat' dir='ltr'>lenta,</span> <span class='ocrx_word' id='word_1_17' title='bbox 780 395 946 461; x_wconf 87' lang='lat' dir='ltr'>salax,</span> <span class='ocrx_word' id='word_1_18' title='bbox 989 394 1250 460; x_wconf 83' lang='lat' dir='ltr'>petulanS,</span> <span class='ocrx_word' id='word_1_19' title='bbox 1292 393 1610 459; x_wconf 87' lang='lat' dir='ltr'>improvida,</span> <span class='ocrx_word' id='word_1_20' title='bbox 1652 393 1840 458; x_wconf 77' lang='lat' dir='ltr'>turpis,</span> 
     </span>
     <span class='ocr_line' id='line_1_5' title="bbox 301 482 1766 544; baseline 0 -12"><span class='ocrx_word' id='word_1_21' title='bbox 301 484 602 539; x_wconf 87' lang='lat' dir='ltr'><strong>Immemor,</strong></span> <span class='ocrx_word' id='word_1_22' title='bbox 643 483 912 544; x_wconf 64' lang='lat' dir='ltr'>indociliS,</span> <span class='ocrx_word' id='word_1_23' title='bbox 945 483 1094 543; x_wconf 56' lang='lat' dir='ltr'>lev&lt;iS‚</span> <span class='ocrx_word' id='word_1_24' title='bbox 1135 482 1297 543; x_wconf 87' lang='lat' dir='ltr'>ebria,</span> <span class='ocrx_word' id='word_1_25' title='bbox 1332 482 1521 533; x_wconf 91' lang='lat' dir='ltr'>dedita</span> <span class='ocrx_word' id='word_1_26' title='bbox 1546 499 1766 543; x_wconf 83' lang='lat' dir='ltr'>somno,</span> 
     </span>
     <span class='ocr_line' id='line_1_6' title="bbox 300 571 1836 638; baseline -0.001 -17"><span class='ocrx_word' id='word_1_27' title='bbox 300 571 523 636; x_wconf 87' lang='lat' dir='ltr'><strong>Semper</strong></span> <span class='ocrx_word' id='word_1_28' title='bbox 560 571 683 632; x_wconf 91' lang='lat' dir='ltr'>olet,</span> <span class='ocrx_word' id='word_1_29' title='bbox 726 589 986 638; x_wconf 82' lang='lat' dir='ltr'><strong>naresque</strong></span> <span class='ocrx_word' id='word_1_30' title='bbox 1013 571 1176 637; x_wconf 84' lang='lat' dir='ltr'>gravi</span> <span class='ocrx_word' id='word_1_31' title='bbox 1216 571 1496 637; x_wconf 80' lang='lat' dir='ltr'>contristat</span> <span class='ocrx_word' id='word_1_32' title='bbox 1535 572 1755 621; x_wconf 68' lang='lat' dir='ltr'>odore.ss</span> <span class='ocrx_word' id='word_1_33' title='bbox 1832 603 1836 606; x_wconf 95' lang='lat'><em>-</em></span> 
     </span>
     <span class='ocr_line' id='line_1_7' title="bbox 300 659 1577 725; baseline 0.001 -16"><span class='ocrx_word' id='word_1_34' title='bbox 300 660 444 709; x_wconf 92' lang='lat' dir='ltr'>Talis</span> <span class='ocrx_word' id='word_1_35' title='bbox 482 670 595 710; x_wconf 88' lang='lat' dir='ltr'>erat</span> <span class='ocrx_word' id='word_1_36' title='bbox 634 660 801 711; x_wconf 91' lang='lat' dir='ltr'>multo</span> <span class='ocrx_word' id='word_1_37' title='bbox 840 678 1094 725; x_wconf 88' lang='lat' dir='ltr'><strong>spumans</strong></span> <span class='ocrx_word' id='word_1_38' title='bbox 1133 659 1344 711; x_wconf 91' lang='lat' dir='ltr'>Silenus</span> <span class='ocrx_word' id='word_1_39' title='bbox 1384 659 1577 710; x_wconf 87' lang='lat' dir='ltr'>Iaccho</span> 
     </span>
     <span class='ocr_line' id='line_1_8' title="bbox 299 748 1851 813; baseline 0 -16"><span class='ocrx_word' id='word_1_40' title='bbox 299 749 479 813; x_wconf 78' lang='lat' dir='ltr'><strong>Quum</strong></span> <span class='ocrx_word' id='word_1_41' title='bbox 518 748 707 813; x_wconf 88' lang='lat' dir='ltr'>capitis</span> <span class='ocrx_word' id='word_1_42' title='bbox 745 758 872 799; x_wconf 90' lang='lat' dir='ltr'>nutu</span> <span class='ocrx_word' id='word_1_43' title='bbox 913 749 967 798; x_wconf 91' lang='lat' dir='ltr'>in</span> <span class='ocrx_word' id='word_1_44' title='bbox 1004 749 1200 800; x_wconf 87' lang='lat' dir='ltr'>collum</span> <span class='ocrx_word' id='word_1_45' title='bbox 1241 748 1708 805; x_wconf 79' lang='lat' dir='ltr'>curvatus-aselli-</span> <span class='ocrx_word' id='word_1_46' title='bbox 1758 799 1760 801; x_wconf 56' lang='lat'><strong>,</strong></span> <span class='ocrx_word' id='word_1_47' title='bbox 1815 797 1818 801; x_wconf 80' lang='grc'><em>,</em></span> <span class='ocrx_word' id='word_1_48' title='bbox 1849 803 1851 805; x_wconf 48' lang='grc'>,</span> 
     </span>
     <span class='ocr_line' id='line_1_9' title="bbox 299 822 1639 903; baseline -0.001 -16"><span class='ocrx_word' id='word_1_49' title='bbox 299 837 572 887; x_wconf 91' lang='lat' dir='ltr'>Cervicem</span> <span class='ocrx_word' id='word_1_50' title='bbox 612 854 772 902; x_wconf 90' lang='lat' dir='ltr'>super</span> <span class='ocrx_word' id='word_1_51' title='bbox 799 847 958 903; x_wconf 91' lang='lat' dir='ltr'>atque</span> <span class='ocrx_word' id='word_1_52' title='bbox 998 837 1149 895; x_wconf 85' lang='lat' dir='ltr'>iubas</span> <span class='ocrx_word' id='word_1_53' title='bbox 1189 822 1420 887; x_wconf 85' lang='lat' dir='ltr'>stillante</span> <span class='ocrx_word' id='word_1_54' title='bbox 1458 836 1639 895; x_wconf 87' lang='lat' dir='ltr'>saliva,</span> 
     </span>
     <span class='ocr_line' id='line_1_10' title="bbox 299 925 1830 992; baseline 0.002 -17"><span class='ocrx_word' id='word_1_55' title='bbox 299 925 459 976; x_wconf 90' lang='lat' dir='ltr'><strong>Risus</strong></span> <span class='ocrx_word' id='word_1_56' title='bbox 497 937 610 976; x_wconf 91' lang='lat' dir='ltr'>erat</span> <span class='ocrx_word' id='word_1_57' title='bbox 651 926 863 987; x_wconf 89' lang='lat' dir='ltr'>Faunis,</span> <span class='ocrx_word' id='word_1_58' title='bbox 907 927 1282 992; x_wconf 82' lang='lat' dir='ltr'><strong>Nymphisque</strong></span> <span class='ocrx_word' id='word_1_59' title='bbox 1318 926 1830 992; x_wconf 81' lang='lat' dir='ltr'>colentibus-agros.</span> 
     </span>
     <span class='ocr_line' id='line_1_11' title="bbox 299 1014 1818 1080; baseline 0.001 -16"><span class='ocrx_word' id='word_1_60' title='bbox 299 1014 547 1064; x_wconf 88' lang='lat' dir='ltr'>Concava</span> <span class='ocrx_word' id='word_1_61' title='bbox 585 1031 692 1065; x_wconf 92' lang='lat' dir='ltr'>non</span> <span class='ocrx_word' id='word_1_62' title='bbox 732 1024 936 1067; x_wconf 89' lang='lat' dir='ltr'>tantum</span> <span class='ocrx_word' id='word_1_63' title='bbox 977 1015 1138 1065; x_wconf 90' lang='lat' dir='ltr'>maris</span> <span class='ocrx_word' id='word_1_64' title='bbox 1177 1015 1462 1065; x_wconf 89' lang='lat' dir='ltr'>absorbere</span> <span class='ocrx_word' id='word_1_65' title='bbox 1502 1015 1818 1080; x_wconf 86' lang='lat' dir='ltr'>Charybdis.</span> 
     </span>
     <span class='ocr_line' id='line_1_12' title="bbox 300 1102 1664 1169; baseline 0.001 -17"><span class='ocrx_word' id='word_1_66' title='bbox 300 1102 509 1153; x_wconf 91' lang='lat' dir='ltr'>Dicitur</span> <span class='ocrx_word' id='word_1_67' title='bbox 545 1121 576 1153; x_wconf 93' lang='lat' dir='ltr'>a</span> <span class='ocrx_word' id='word_1_68' title='bbox 617 1103 858 1154; x_wconf 88' lang='lat' dir='ltr'>Calabris</span> <span class='ocrx_word' id='word_1_69' title='bbox 896 1121 1034 1169; x_wconf 92' lang='lat' dir='ltr'>quae</span> <span class='ocrx_word' id='word_1_70' title='bbox 1073 1103 1268 1158; x_wconf 91' lang='lat' dir='ltr'>dividit</span> <span class='ocrx_word' id='word_1_71' title='bbox 1305 1120 1433 1153; x_wconf 91' lang='lat' dir='ltr'>arva</span> <span class='ocrx_word' id='word_1_72' title='bbox 1462 1103 1664 1164; x_wconf 86' lang='lat' dir='ltr'>Pelori,</span> 
     </span>
     <span class='ocr_line' id='line_1_13' title="bbox 298 1192 1872 1258; baseline 0.002 -17"><span class='ocrx_word' id='word_1_73' title='bbox 298 1193 571 1257; x_wconf 77' lang='lat' dir='ltr'>Quantum</span> <span class='ocrx_word' id='word_1_74' title='bbox 611 1193 742 1243; x_wconf 91' lang='lat' dir='ltr'>haec</span> <span class='ocrx_word' id='word_1_75' title='bbox 781 1192 1044 1258; x_wconf 89' lang='lat' dir='ltr'>ingluvies</span> <span class='ocrx_word' id='word_1_76' title='bbox 1083 1192 1191 1244; x_wconf 90' lang='lat' dir='ltr'>vini</span> <span class='ocrx_word' id='word_1_77' title='bbox 1231 1192 1497 1257; x_wconf 87' lang='lat' dir='ltr'>demergit</span> <span class='ocrx_word' id='word_1_78' title='bbox 1536 1192 1590 1246; x_wconf 88' lang='lat' dir='ltr'>in</span> <span class='ocrx_word' id='word_1_79' title='bbox 1629 1194 1827 1254; x_wconf 88' lang='lat' dir='ltr'>alvum,</span> <span class='ocrx_word' id='word_1_80' title='bbox 1866 1227 1872 1234; x_wconf 83' lang='lat'>-</span> 
     </span>
     <span class='ocr_line' id='line_1_14' title="bbox 301 1281 1650 1350; baseline 0.002 -19"><span class='ocrx_word' id='word_1_81' title='bbox 301 1281 576 1331; x_wconf 90' lang='lat' dir='ltr'>Hirsutam</span> <span class='ocrx_word' id='word_1_82' title='bbox 617 1281 743 1332; x_wconf 91' lang='lat' dir='ltr'>setis</span> <span class='ocrx_word' id='word_1_83' title='bbox 782 1283 979 1343; x_wconf 89' lang='lat' dir='ltr'>alvum,</span> <span class='ocrx_word' id='word_1_84' title='bbox 1021 1283 1293 1350; x_wconf 90' lang='lat' dir='ltr'>densaque</span> <span class='ocrx_word' id='word_1_85' title='bbox 1331 1291 1650 1334; x_wconf 51' lang='lat' dir='ltr'>comantem¹</span> 
     </span>
     <span class='ocr_line' id='line_1_15' title="bbox 303 1371 1764 1436; baseline 0.001 -16"><span class='ocrx_word' id='word_1_86' title='bbox 303 1371 463 1431; x_wconf 89' lang='lat' dir='ltr'><strong>Pube,</strong></span> <span class='ocrx_word' id='word_1_87' title='bbox 506 1388 599 1436; x_wconf 91' lang='lat' dir='ltr'>per</span> <span class='ocrx_word' id='word_1_88' title='bbox 637 1371 916 1421; x_wconf 88' lang='lat' dir='ltr'><strong>humentes</strong></span> <span class='ocrx_word' id='word_1_89' title='bbox 957 1371 998 1421; x_wconf 86' lang='lat' dir='ltr'>it</span> <span class='ocrx_word' id='word_1_90' title='bbox 1037 1388 1169 1436; x_wconf 89' lang='lat' dir='ltr'><strong>grex</strong></span> <span class='ocrx_word' id='word_1_91' title='bbox 1207 1371 1508 1426; x_wconf 86' lang='lat' dir='ltr'>teterrimus</span> <span class='ocrx_word' id='word_1_92' title='bbox 1548 1372 1764 1422; x_wconf 88' lang='lat' dir='ltr'>umbras</span> 
     </span>
     <span class='ocr_line' id='line_1_16' title="bbox 303 1459 1715 1526; baseline 0 -16"><span class='ocrx_word' id='word_1_93' title='bbox 303 1460 446 1510; x_wconf 89' lang='lat' dir='ltr'><strong>Grex</strong></span> <span class='ocrx_word' id='word_1_94' title='bbox 485 1460 613 1510; x_wconf 91' lang='lat' dir='ltr'>olim</span> <span class='ocrx_word' id='word_1_95' title='bbox 653 1459 832 1525; x_wconf 91' lang='lat' dir='ltr'>Syllae</span> <span class='ocrx_word' id='word_1_96' title='bbox 872 1460 1109 1521; x_wconf 86' lang='lat' dir='ltr'>infestus,</span> <span class='ocrx_word' id='word_1_97' title='bbox 1149 1460 1367 1525; x_wconf 92' lang='lat' dir='ltr'>vatique</span> <span class='ocrx_word' id='word_1_98' title='bbox 1408 1461 1715 1526; x_wconf 83' lang='lat' dir='ltr'>TragoedO,</span> 
     </span>
     <span class='ocr_line' id='line_1_17' title="bbox 304 1549 1610 1614; baseline 0.001 -16"><span class='ocrx_word' id='word_1_99' title='bbox 304 1549 373 1599; x_wconf 89' lang='lat' dir='ltr'>Et</span> <span class='ocrx_word' id='word_1_100' title='bbox 411 1549 598 1614; x_wconf 91' lang='lat' dir='ltr'>pingui</span> <span class='ocrx_word' id='word_1_101' title='bbox 637 1549 833 1599; x_wconf 89' lang='lat' dir='ltr'>sudore</span> <span class='ocrx_word' id='word_1_102' title='bbox 871 1558 1047 1599; x_wconf 90' lang='lat' dir='ltr'>cutem</span> <span class='ocrx_word' id='word_1_103' title='bbox 1088 1549 1392 1614; x_wconf 90' lang='lat' dir='ltr'>depascitur</span> <span class='ocrx_word' id='word_1_104' title='bbox 1415 1550 1610 1600; x_wconf 81' lang='lat' dir='ltr'>udam.</span> 
     </span>
     <span class='ocr_line' id='line_1_18' title="bbox 897 1639 1609 1703; baseline 0 -15"><span class='ocrx_word' id='word_1_105' title='bbox 897 1639 1206 1703; x_wconf 80' lang='lat' dir='ltr'>(Ebrz&#39;elatis</span> <span class='ocrx_word' id='word_1_106' title='bbox 1245 1639 1609 1702; x_wconf 82' lang='lat' dir='ltr'>incommoda).</span> 
     </span>
     <span class='ocr_line' id='line_1_19' title="bbox 451 1726 1722 1792; baseline 0 -16"><span class='ocrx_word' id='word_1_107' title='bbox 451 1726 703 1777; x_wconf 88' lang='lat' dir='ltr'>Blandior</span> <span class='ocrx_word' id='word_1_108' title='bbox 740 1726 982 1792; x_wconf 90' lang='lat' dir='ltr'>ingressu</span> <span class='ocrx_word' id='word_1_109' title='bbox 1022 1727 1197 1792; x_wconf 87' lang='lat' dir='ltr'>primo</span> <span class='ocrx_word' id='word_1_110' title='bbox 1235 1726 1497 1779; x_wconf 87' lang='lat' dir='ltr'>Semeleia</span> <span class='ocrx_word' id='word_1_111' title='bbox 1537 1727 1722 1792; x_wconf 87' lang='lat' dir='ltr'>proles-</span> 
     </span>
     <span class='ocr_line' id='line_1_20' title="bbox 303 1815 1647 1881; baseline 0 -16"><span class='ocrx_word' id='word_1_112' title='bbox 303 1816 500 1866; x_wconf 92' lang='lat' dir='ltr'>Incalet</span> <span class='ocrx_word' id='word_1_113' title='bbox 537 1825 698 1881; x_wconf 92' lang='lat' dir='ltr'>atque</span> <span class='ocrx_word' id='word_1_114' title='bbox 737 1816 850 1866; x_wconf 90' lang='lat' dir='ltr'>vias</span> <span class='ocrx_word' id='word_1_115' title='bbox 890 1817 1063 1866; x_wconf 80' lang='lat' dir='ltr'>fumos</span> <span class='ocrx_word' id='word_1_116' title='bbox 1102 1816 1316 1866; x_wconf 88' lang='lat' dir='ltr'>exhalat</span> <span class='ocrx_word' id='word_1_117' title='bbox 1353 1815 1406 1867; x_wconf 85' lang='lat' dir='ltr'>in</span> <span class='ocrx_word' id='word_1_118' title='bbox 1445 1833 1647 1876; x_wconf 84' lang='lat' dir='ltr'>omneS‚</span> 
     </span>
     <span class='ocr_line' id='line_1_21' title="bbox 303 1884 1761 1970; baseline -0.001 -15"><span class='ocrx_word' id='word_1_119' title='bbox 303 1904 692 1970; x_wconf 92' lang='lat' dir='ltr'>Concluditque</span> <span class='ocrx_word' id='word_1_120' title='bbox 731 1904 922 1964; x_wconf 80' lang='lat' dir='ltr'>aditu5‚</span> <span class='ocrx_word' id='word_1_121' title='bbox 962 1922 1057 1969; x_wconf 91' lang='lat' dir='ltr'>per</span> <span class='ocrx_word' id='word_1_122' title='bbox 1081 1911 1232 1970; x_wconf 75' lang='lat' dir='ltr'>‚quos</span> <span class='ocrx_word' id='word_1_123' title='bbox 1270 1922 1302 1954; x_wconf 91' lang='lat' dir='ltr'>a</span> <span class='ocrx_word' id='word_1_124' title='bbox 1340 1884 1570 1970; x_wconf 81' lang='lat' dir='ltr'>pectoris</span> <span class='ocrx_word' id='word_1_125' title='bbox 1608 1913 1761 1954; x_wconf 90' lang='lat' dir='ltr'>antro</span> 
     </span>
     <span class='ocr_line' id='line_1_22' title="bbox 301 1993 1609 2058; baseline -0.002 -15"><span class='ocrx_word' id='word_1_126' title='bbox 301 1993 530 2058; x_wconf 89' lang='lat' dir='ltr'>Spiritus</span> <span class='ocrx_word' id='word_1_127' title='bbox 569 1993 808 2044; x_wconf 88' lang='lat' dir='ltr'>ascendit</span> <span class='ocrx_word' id='word_1_128' title='bbox 846 2011 1039 2044; x_wconf 87' lang='lat' dir='ltr'>curvas</span> <span class='ocrx_word' id='word_1_129' title='bbox 1074 1993 1383 2044; x_wconf 87' lang='lat' dir='ltr'>in-verticis</span> <span class='ocrx_word' id='word_1_130' title='bbox 1421 1994 1609 2043; x_wconf 81' lang='lat' dir='ltr'>aedes:</span> 
     </span>
     <span class='ocr_line' id='line_1_23' title="bbox 305 2068 1821 2147; baseline 0.001 -16"><span class='ocrx_word' id='word_1_131' title='bbox 305 2084 442 2132; x_wconf 90' lang='lat' dir='ltr'>Nam</span> <span class='ocrx_word' id='word_1_132' title='bbox 483 2068 979 2133; x_wconf 22' lang='lat' dir='ltr'>nebulae-fervente</span> <span class='ocrx_word' id='word_1_133' title='bbox 1018 2099 1166 2133; x_wconf 91' lang='lat' dir='ltr'>mero</span> <span class='ocrx_word' id='word_1_134' title='bbox 1205 2099 1301 2147; x_wconf 92' lang='lat' dir='ltr'>per</span> <span class='ocrx_word' id='word_1_135' title='bbox 1339 2091 1556 2147; x_wconf 88' lang='lat' dir='ltr'>guttura</span> <span class='ocrx_word' id='word_1_136' title='bbox 1596 2081 1821 2147; x_wconf 88' lang='lat' dir='ltr'>pingues</span> 
     </span>
     <span class='ocr_line' id='line_1_24' title="bbox 304 2170 1712 2236; baseline -0.001 -15"><span class='ocrx_word' id='word_1_137' title='bbox 304 2171 530 2221; x_wconf 91' lang='lat' dir='ltr'>Attoniti</span> <span class='ocrx_word' id='word_1_138' title='bbox 570 2171 758 2236; x_wconf 89' lang='lat' dir='ltr'>capitis</span> <span class='ocrx_word' id='word_1_139' title='bbox 798 2189 1060 2222; x_wconf 87' lang='lat' dir='ltr'>summam</span> <span class='ocrx_word' id='word_1_140' title='bbox 1100 2172 1387 2226; x_wconf 91' lang='lat' dir='ltr'>volvuntur</span> <span class='ocrx_word' id='word_1_141' title='bbox 1427 2170 1479 2220; x_wconf 91' lang='lat' dir='ltr'>in</span> <span class='ocrx_word' id='word_1_142' title='bbox 1519 2188 1712 2231; x_wconf 90' lang='lat' dir='ltr'>arcem,</span> 
     </span>
     <span class='ocr_line' id='line_1_25' title="bbox 305 2260 1635 2326; baseline 0 -17"><span class='ocrx_word' id='word_1_143' title='bbox 305 2262 594 2326; x_wconf 89' lang='lat' dir='ltr'>Pugnaque</span> <span class='ocrx_word' id='word_1_144' title='bbox 634 2261 707 2322; x_wconf 88' lang='lat' dir='ltr'>fit;</span> <span class='ocrx_word' id='word_1_145' title='bbox 748 2261 939 2316; x_wconf 89' lang='lat' dir='ltr'>validis</span> <span class='ocrx_word' id='word_1_146' title='bbox 977 2260 1068 2311; x_wconf 91' lang='lat' dir='ltr'>alti</span> <span class='ocrx_word' id='word_1_147' title='bbox 1110 2277 1260 2311; x_wconf 90' lang='lat' dir='ltr'>mens</span> <span class='ocrx_word' id='word_1_148' title='bbox 1299 2260 1472 2311; x_wconf 92' lang='lat' dir='ltr'>incola</span> <span class='ocrx_word' id='word_1_149' title='bbox 1511 2260 1635 2311; x_wconf 88' lang='lat' dir='ltr'>tecti</span> 
     </span>
     <span class='ocr_line' id='line_1_26' title="bbox 305 2349 1571 2414; baseline 0.001 -15"><span class='ocrx_word' id='word_1_150' title='bbox 305 2349 791 2401; x_wconf 83' lang='lat' dir='ltr'>Defensurasuum</span> <span class='ocrx_word' id='word_1_151' title='bbox 830 2349 991 2400; x_wconf 89' lang='lat' dir='ltr'>limen</span> <span class='ocrx_word' id='word_1_152' title='bbox 1031 2349 1354 2414; x_wconf 90' lang='lat' dir='ltr'>succingitur</span> <span class='ocrx_word' id='word_1_153' title='bbox 1393 2349 1571 2401; x_wconf 78' lang='lat' dir='ltr'>armis,</span> 
     </span>
     <span class='ocr_line' id='line_1_27' title="bbox 304 2437 1746 2504; baseline -0.001 -16"><span class='ocrx_word' id='word_1_154' title='bbox 304 2438 411 2488; x_wconf 91' lang='lat' dir='ltr'>Sed</span> <span class='ocrx_word' id='word_1_155' title='bbox 450 2448 639 2489; x_wconf 90' lang='lat' dir='ltr'>conata</span> <span class='ocrx_word' id='word_1_156' title='bbox 678 2438 770 2489; x_wconf 91' lang='lat' dir='ltr'>diu</span> <span class='ocrx_word' id='word_1_157' title='bbox 809 2439 1154 2489; x_wconf 90' lang='lat' dir='ltr'>bacchantem</span> <span class='ocrx_word' id='word_1_158' title='bbox 1194 2437 1504 2504; x_wconf 88' lang='lat' dir='ltr'>extinguere</span> <span class='ocrx_word' id='word_1_159' title='bbox 1543 2438 1746 2488; x_wconf 84' lang='lat' dir='ltr'><strong>fumum</strong></span> 
     </span>
     <span class='ocr_line' id='line_1_28' title="bbox 303 2527 1716 2593; baseline -0.001 -16"><span class='ocrx_word' id='word_1_160' title='bbox 303 2527 457 2577; x_wconf 89' lang='lat' dir='ltr'>Victa</span> <span class='ocrx_word' id='word_1_161' title='bbox 495 2527 648 2593; x_wconf 85' lang='lat' dir='ltr'>fugit,</span> <span class='ocrx_word' id='word_1_162' title='bbox 690 2527 860 2578; x_wconf 86' lang='lat' dir='ltr'>victor</span> <span class='ocrx_word' id='word_1_163' title='bbox 883 2527 1110 2578; x_wconf 81' lang='lat' dir='ltr'>&#39;subiens</span> <span class='ocrx_word' id='word_1_164' title='bbox 1150 2527 1438 2592; x_wconf 88' lang='lat' dir='ltr'>penetralia</span> <span class='ocrx_word' id='word_1_165' title='bbox 1477 2527 1716 2577; x_wconf 89' lang='lat' dir='ltr'>Bacchus</span> 
     </span>
     <span class='ocr_line' id='line_1_29' title="bbox 305 2616 1739 2682; baseline -0.001 -15"><span class='ocrx_word' id='word_1_166' title='bbox 305 2616 405 2667; x_wconf 91' lang='lat' dir='ltr'>Cui</span> <span class='ocrx_word' id='word_1_167' title='bbox 444 2634 622 2667; x_wconf 90' lang='lat' dir='ltr'>comes</span> <span class='ocrx_word' id='word_1_168' title='bbox 662 2617 703 2667; x_wconf 93' lang='lat' dir='ltr'>it</span> <span class='ocrx_word' id='word_1_169' title='bbox 741 2617 1012 2682; x_wconf 62' lang='lat' dir='ltr'>Sopor&#39;et</span> <span class='ocrx_word' id='word_1_170' title='bbox 1048 2625 1190 2667; x_wconf 88' lang='lat' dir='ltr'>torto</span> <span class='ocrx_word' id='word_1_171' title='bbox 1222 2616 1739 2681; x_wconf 83' lang='lat' dir='ltr'>Dementiagressu</span> 
     </span>
     <span class='ocr_line' id='line_1_30' title="bbox 307 2703 1931 2771; baseline -0.001 -16"><span class='ocrx_word' id='word_1_172' title='bbox 307 2707 406 2755; x_wconf 92' lang='lat' dir='ltr'>Per</span> <span class='ocrx_word' id='word_1_173' title='bbox 443 2706 660 2765; x_wconf 89' lang='lat' dir='ltr'>cerebri,</span> <span class='ocrx_word' id='word_1_174' title='bbox 702 2707 1087 2771; x_wconf 89' lang='lat' dir='ltr'>humentesque</span> <span class='ocrx_word' id='word_1_175' title='bbox 1125 2705 1286 2765; x_wconf 91' lang='lat' dir='ltr'>sinus,</span> <span class='ocrx_word' id='word_1_176' title='bbox 1327 2704 1641 2770; x_wconf 87' lang='lat' dir='ltr'>animaeque</span> <span class='ocrx_word' id='word_1_177' title='bbox 1679 2703 1931 2755; x_wconf 90' lang='lat' dir='ltr'>sacellum</span> 
     </span>
     <span class='ocr_line' id='line_1_31' title="bbox 307 2794 1746 2860; baseline -0.001 -16"><span class='ocrx_word' id='word_1_178' title='bbox 307 2795 542 2845; x_wconf 91' lang='lat' dir='ltr'>Lethaeo</span> <span class='ocrx_word' id='word_1_179' title='bbox 582 2812 838 2860; x_wconf 90' lang='lat' dir='ltr'>spargens</span> <span class='ocrx_word' id='word_1_180' title='bbox 876 2795 1095 2847; x_wconf 89' lang='lat' dir='ltr'>haustos</span> <span class='ocrx_word' id='word_1_181' title='bbox 1134 2795 1202 2844; x_wconf 91' lang='lat' dir='ltr'>de</span> <span class='ocrx_word' id='word_1_182' title='bbox 1242 2794 1459 2844; x_wconf 85' lang='lat' dir='ltr'>flumine</span> <span class='ocrx_word' id='word_1_183' title='bbox 1496 2810 1659 2854; x_wconf 82' lang='lat' dir='ltr'>roreS,</span> <span class='ocrx_word' id='word_1_184' title='bbox 1743 2818 1746 2820; x_wconf 97' lang='lat'>·</span> 
     </span>
     <span class='ocr_line' id='line_1_32' title="bbox 306 2881 1675 2947; baseline -0.001 -15"><span class='ocrx_word' id='word_1_185' title='bbox 306 2883 515 2933; x_wconf 91' lang='lat' dir='ltr'>Inducit</span> <span class='ocrx_word' id='word_1_186' title='bbox 552 2900 769 2934; x_wconf 89' lang='lat' dir='ltr'>somnos</span> <span class='ocrx_word' id='word_1_187' title='bbox 809 2883 1025 2933; x_wconf 86' lang='lat' dir='ltr'>hebetes</span> <span class='ocrx_word' id='word_1_188' title='bbox 1065 2891 1118 2933; x_wconf 93' lang='lat' dir='ltr'>et</span> <span class='ocrx_word' id='word_1_189' title='bbox 1157 2882 1419 2947; x_wconf 90' lang='lat' dir='ltr'>Morphea</span> <span class='ocrx_word' id='word_1_190' title='bbox 1441 2881 1675 2944; x_wconf 85' lang='lat' dir='ltr'>doctum</span> 
     </span>
     <span class='ocr_line' id='line_1_33' title="bbox 305 2970 1824 3037; baseline -0.001 -16"><span class='ocrx_word' id='word_1_191' title='bbox 305 2972 508 3021; x_wconf 88' lang='lat' dir='ltr'>Fallere</span> <span class='ocrx_word' id='word_1_192' title='bbox 548 2971 884 3037; x_wconf 82' lang='lat' dir='ltr'>imaginibuS,</span> <span class='ocrx_word' id='word_1_193' title='bbox 926 2981 1295 3036; x_wconf 72' lang='lat' dir='ltr'>nocturnaque,</span> <span class='ocrx_word' id='word_1_194' title='bbox 1329 2970 1530 3036; x_wconf 90' lang='lat' dir='ltr'>fingere</span> <span class='ocrx_word' id='word_1_195' title='bbox 1568 2976 1824 3029; x_wconf 77' lang='lat' dir='ltr'>monstra,</span> 
     </span>
     <span class='ocr_line' id='line_1_34' title="bbox 305 3058 1710 3125; baseline -0.001 -15"><span class='ocrx_word' id='word_1_196' title='bbox 305 3060 546 3110; x_wconf 92' lang='lat' dir='ltr'>Pondere</span> <span class='ocrx_word' id='word_1_197' title='bbox 584 3077 767 3125; x_wconf 89' lang='lat' dir='ltr'>pressa</span> <span class='ocrx_word' id='word_1_198' title='bbox 806 3060 906 3110; x_wconf 94' lang='lat' dir='ltr'>Dei</span> <span class='ocrx_word' id='word_1_199' title='bbox 947 3059 1232 3112; x_wconf 90' lang='lat' dir='ltr'>connivent</span> <span class='ocrx_word' id='word_1_200' title='bbox 1271 3059 1472 3109; x_wconf 91' lang='lat' dir='ltr'>lumina</span> <span class='ocrx_word' id='word_1_201' title='bbox 1509 3058 1710 3109; x_wconf 87' lang='lat' dir='ltr'>crebris</span> 
     </span>
     <span class='ocr_line' id='line_1_35' title="bbox 305 3147 1703 3214; baseline -0.001 -15"><span class='ocrx_word' id='word_1_202' title='bbox 305 3149 534 3199; x_wconf 82' lang='lat' dir='ltr'>Nutibus</span> <span class='ocrx_word' id='word_1_203' title='bbox 572 3159 625 3199; x_wconf 93' lang='lat' dir='ltr'>et</span> <span class='ocrx_word' id='word_1_204' title='bbox 663 3148 903 3214; x_wconf 90' lang='lat' dir='ltr'>placidae</span> <span class='ocrx_word' id='word_1_205' title='bbox 941 3158 1210 3214; x_wconf 90' lang='lat' dir='ltr'>nequeunt</span> <span class='ocrx_word' id='word_1_206' title='bbox 1249 3148 1506 3198; x_wconf 90' lang='lat' dir='ltr'>obsistere</span> <span class='ocrx_word' id='word_1_207' title='bbox 1544 3147 1703 3199; x_wconf 89' lang='lat' dir='ltr'>nocti.</span> 
     </span>
     <span class='ocr_line' id='line_1_36' title="bbox 307 3236 1716 3303; baseline -0.001 -16"><span class='ocrx_word' id='word_1_208' title='bbox 307 3238 514 3303; x_wconf 92' lang='lat' dir='ltr'>Lingua</span> <span class='ocrx_word' id='word_1_209' title='bbox 551 3238 749 3303; x_wconf 91' lang='lat' dir='ltr'>loquax</span> <span class='ocrx_word' id='word_1_210' title='bbox 788 3237 935 3302; x_wconf 91' lang='lat' dir='ltr'>prius</span> <span class='ocrx_word' id='word_1_211' title='bbox 972 3247 1028 3287; x_wconf 91' lang='lat' dir='ltr'>et</span> <span class='ocrx_word' id='word_1_212' title='bbox 1067 3237 1222 3287; x_wconf 91' lang='lat' dir='ltr'>nullis</span> <span class='ocrx_word' id='word_1_213' title='bbox 1262 3236 1491 3287; x_wconf 88' lang='lat' dir='ltr'>obnoxia</span> <span class='ocrx_word' id='word_1_214' title='bbox 1531 3236 1716 3286; x_wconf 90' lang='lat' dir='ltr'>vinclis</span> 
     </span>
     <span class='ocr_line' id='line_1_37' title="bbox 307 3326 1582 3392; baseline 0 -16"><span class='ocrx_word' id='word_1_215' title='bbox 307 3329 418 3377; x_wconf 90' lang='lat' dir='ltr'>Iam</span> <span class='ocrx_word' id='word_1_216' title='bbox 458 3327 641 3378; x_wconf 91' lang='lat' dir='ltr'>delusa</span> <span class='ocrx_word' id='word_1_217' title='bbox 679 3327 838 3383; x_wconf 83' lang='lat' dir='ltr'>labat.</span> <span class='ocrx_word' id='word_1_218' title='bbox 878 3327 1040 3377; x_wconf 91' lang='lat' dir='ltr'>verba</span> <span class='ocrx_word' id='word_1_219' title='bbox 1078 3326 1360 3376; x_wconf 88' lang='lat' dir='ltr'>imbecillia</span> <span class='ocrx_word' id='word_1_220' title='bbox 1398 3343 1582 3392; x_wconf 89' lang='lat' dir='ltr'>presso</span> 
     </span>
     <span class='ocr_line' id='line_1_38' title="bbox 309 3415 1672 3476; baseline -0.001 -11"><span class='ocrx_word' id='word_1_221' title='bbox 309 3417 438 3467; x_wconf 86' lang='lat' dir='ltr'>Fine</span> <span class='ocrx_word' id='word_1_222' title='bbox 476 3416 690 3476; x_wconf 85' lang='lat' dir='ltr'>cadunt,</span> <span class='ocrx_word' id='word_1_223' title='bbox 731 3416 913 3466; x_wconf 91' lang='lat' dir='ltr'>blaeso</span> <span class='ocrx_word' id='word_1_224' title='bbox 951 3433 1112 3466; x_wconf 90' lang='lat' dir='ltr'>sonus</span> <span class='ocrx_word' id='word_1_225' title='bbox 1152 3415 1419 3466; x_wconf 90' lang='lat' dir='ltr'>evanescit</span> <span class='ocrx_word' id='word_1_226' title='bbox 1457 3416 1524 3464; x_wconf 94' lang='lat' dir='ltr'>ab</span> <span class='ocrx_word' id='word_1_227' title='bbox 1563 3432 1672 3475; x_wconf 90' lang='lat' dir='ltr'>ore,</span> 
     </span>
     <span class='ocr_line' id='line_1_39' title="bbox 307 3504 1767 3571; baseline -0.001 -16"><span class='ocrx_word' id='word_1_228' title='bbox 307 3506 703 3571; x_wconf 90' lang='lat' dir='ltr'>Labentemque</span> <span class='ocrx_word' id='word_1_229' title='bbox 741 3505 877 3571; x_wconf 91' lang='lat' dir='ltr'>pluit</span> <span class='ocrx_word' id='word_1_230' title='bbox 916 3523 1010 3570; x_wconf 88' lang='lat' dir='ltr'>per</span> <span class='ocrx_word' id='word_1_231' title='bbox 1049 3514 1285 3555; x_wconf 90' lang='lat' dir='ltr'>mentum</span> <span class='ocrx_word' id='word_1_232' title='bbox 1326 3505 1489 3554; x_wconf 88' lang='lat' dir='ltr'>barba</span> <span class='ocrx_word' id='word_1_233' title='bbox 1529 3504 1767 3565; x_wconf 89' lang='lat' dir='ltr'>salivam,</span> 
     </span>
     <span class='ocr_line' id='line_1_40' title="bbox 307 3592 1679 3658; baseline -0.001 -15"><span class='ocrx_word' id='word_1_234' title='bbox 307 3594 493 3658; x_wconf 78' lang='lat' dir='ltr'>Qualis</span> <span class='ocrx_word' id='word_1_235' title='bbox 533 3594 585 3643; x_wconf 91' lang='lat' dir='ltr'>in</span> <span class='ocrx_word' id='word_1_236' title='bbox 625 3594 878 3645; x_wconf 90' lang='lat' dir='ltr'>umbroso</span> <span class='ocrx_word' id='word_1_237' title='bbox 919 3594 1181 3644; x_wconf 89' lang='lat' dir='ltr'>Protheus</span> <span class='ocrx_word' id='word_1_238' title='bbox 1219 3592 1488 3643; x_wconf 91' lang='lat' dir='ltr'>mutabilis</span> <span class='ocrx_word' id='word_1_239' title='bbox 1528 3603 1679 3643; x_wconf 89' lang='lat' dir='ltr'>antro</span> 
     </span>
     <span class='ocr_line' id='line_1_41' title="bbox 310 3681 1672 3747; baseline -0.001 -15"><span class='ocrx_word' id='word_1_240' title='bbox 310 3684 527 3733; x_wconf 87' lang='lat' dir='ltr'>Pressus</span> <span class='ocrx_word' id='word_1_241' title='bbox 567 3683 814 3733; x_wconf 92' lang='lat' dir='ltr'>Aristaeo</span> <span class='ocrx_word' id='word_1_242' title='bbox 854 3682 1014 3733; x_wconf 90' lang='lat' dir='ltr'>iacuit</span> <span class='ocrx_word' id='word_1_243' title='bbox 1052 3699 1158 3747; x_wconf 93' lang='lat' dir='ltr'>qua</span> <span class='ocrx_word' id='word_1_244' title='bbox 1197 3682 1498 3747; x_wconf 87' lang='lat' dir='ltr'>Carpathus</span> <span class='ocrx_word' id='word_1_245' title='bbox 1538 3681 1672 3731; x_wconf 89' lang='lat' dir='ltr'>inter</span> 
     </span>
    </p>
   </div>
  </div>
 </body>
</html>
