2508 3978
1069 84 1302 127 —ss-

241 193 284 243 F
286 192 447 244 loruit
481 201 536 242 et
571 192 679 243 lata
716 209 892 242 rerum
932 191 1133 243 ditione
1170 191 1342 257 potita
1377 201 1475 243 est.

237 281 361 346 Ipsa
397 297 576 331 comes
614 280 789 331 Graiis
825 281 1058 340 aderam,
1098 296 1261 346 quum
1300 280 1493 331 Troica
1529 290 1713 332 contra

238 369 504 434 Pergama
535 369 770 435 depulsis
809 387 873 420 ex
910 368 1106 420 Aulide
1143 368 1367 419 navibus
1405 368 1566 425 ibant.

237 457 327 507 Me
362 457 514 518 duce,
556 458 831 509 Romanus
868 457 1057 522 Tyrias
1094 456 1346 507 radicitus
1383 474 1531 508 arces

239 545 393 597 Eruit
431 556 484 596 et
521 546 768 612 Solymas
806 556 991 604 turreS‚
1032 545 1404 612 Bimaremque
1441 545 1756 597 Corinthum

239 636 419 702 Atque
457 635 770 700 Syracusios
806 634 1105 685 Arethusae
1143 633 1354 686 moenia
1391 650 1588 685 muros,

240 724 469 790 Belliger
504 733 783 783 extrema8‚
823 723 960 774 duce
997 740 1098 783 me,
1140 722 1260 773 tulit
1297 739 1445 772 arma
1480 739 1575 788 per
1614 723 1770 774 urbes

239 814 477 863 Bacchus
515 822 569 863 et
605 814 850 863 ardentes
889 812 1124 863 victricia
1160 811 1314 877 signa
1350 828 1447 877 per
1486 812 1665 873 Indos,

239 903 612 967 Nysaeamque
650 902 830 953 locans
867 901 1060 952 Arabis
1099 901 1167 952 de
1204 900 1419 952 nomine
1457 902 1638 966 Nysae

240 990 390 1041 Dixit
427 1000 481 1042 et
519 990 587 1041 ad
626 1000 818 1042 teretes
855 990 1081 1041 hederas
1118 990 1440 1057 coniungere
1479 991 1708 1055 thyrsos·

240 1079 658 1146 pampineasque
696 1097 877 1130 comas
916 1079 1154 1130 tremulis
1191 1080 1395 1145 agitare
1432 1079 1700 1144 corymbis

239 1167 493 1219 Menades
531 1168 810 1219 instituens
851 1168 1110 1234 Dionysia
1147 1169 1282 1219 festa
1318 1167 1602 1233 quotannis

241 1255 399 1305 Iussit
436 1255 503 1305 ab
542 1256 657 1306 an
694 1255 806 1306 fieri
845 1255 1101 1307 solemnia
1140 1256 1300 1322 pube.

239 1343 361 1408 Ipsa
399 1361 503 1410 ego
541 1345 851 1396 combustae
887 1344 1114 1396 retinent
1151 1362 1289 1411 quae
1327 1344 1542 1396 nomina
1579 1361 1843 1395 mammae

241 1432 554 1484 Foemineas
593 1434 662 1484 ad
698 1450 866 1500 equos
904 1443 1105 1485 turmas
1143 1443 1198 1484 et
1235 1433 1305 1484 ad
1344 1451 1492 1484 arma
1530 1432 1730 1499 paravi.

238 1521 413 1572 Plebis
451 1538 554 1587 ego
593 1521 847 1586 Solymae
884 1521 1036 1572 siccis
1074 1521 1301 1587 vestigia
1338 1522 1533 1588 plantis

241 1611 340 1660 Per
378 1610 538 1661 maris
576 1611 736 1661 erecti
770 1611 1066 1676 pendentes
1105 1610 1341 1677 undique
1379 1611 1584 1671 fluctuS,

239 1698 513 1749 Murorum
553 1698 606 1749 in
644 1699 892 1764 speciem,
933 1699 1071 1750 vada
1110 1699 1331 1750 Phoebo
1368 1699 1639 1766 incognita
1677 1669 1821 1760 duxi,

242 1788 330 1838 Me
369 1805 583 1855 quoque
621 1788 794 1854 prima
829 1788 974 1840 viros
1011 1788 1139 1839 ratis
1178 1788 1467 1839 inventrice
1504 1806 1601 1854 per
1636 1789 1801 1839 altum

239 1877 457 1942 Aequor
494 1888 548 1928 et
586 1877 774 1928 audaci
812 1877 932 1928 tulit
969 1895 1131 1928 aurea
1168 1878 1365 1929 vellera
1401 1895 1575 1930 cursu.

241 1965 456 2016 Alcides
494 1975 575 2017 tot
612 1976 848 2017 monstra
887 1966 1019 2020 meis
1057 1966 1316 2017 deformia
1353 1966 1480 2018 vicit

242 2054 456 2104 Viribus
495 2064 548 2105 et
585 2054 846 2121 quidquid
886 2055 1072 2123 MusiS‚
1113 2055 1440 2121 Phoeboque
1477 2064 1714 2106 vetustas

241 2143 505 2208 Ascripsit
543 2153 782 2194 nostrum
821 2153 919 2196 est.
959 2144 1123 2195 Vates
1161 2161 1281 2210 ego,
1323 2154 1612 2210 sanctaque
1650 2154 1830 2195 vatum

245 2233 464 2282 Pectora
503 2232 737 2283 melliflui
776 2233 959 2284 divino
998 2233 1226 2284 nectaris
1264 2233 1435 2284 imbre

244 2321 470 2386 Largius
508 2320 693 2382 irroro,
733 2321 983 2388 dulcique
1020 2321 1303 2388 aspergine
1340 2322 1527 2375 lustro,

243 2410 385 2459 Fons
423 2426 526 2475 ego
567 2409 844 2471 CastaliuS,
887 2410 1167 2477 Pallasque
1204 2428 1324 2477 ego,
1364 2411 1580 2462 nomina
1617 2411 1770 2477 plura

243 2499 350 2548 Res
389 2498 594 2558 eadem,
635 2516 741 2550 non
778 2516 896 2550 sum
936 2500 1125 2551 morbo
1167 2500 1422 2560 confecta,
1462 2517 1559 2550 nec
1595 2499 1761 2560 anni5‚

244 2587 570 2653 Incorrupta,
610 2587 800 2648 virens,
841 2587 1260 2654 immortalisque
1298 2587 1544 2639 remansi.

244 2675 510 2727 Caelestes
549 2677 743 2727 etenim
783 2676 911 2727 nihil
952 2677 1005 2727 in
1045 2694 1130 2728 me
1168 2676 1402 2727 motibus
1441 2677 1613 2737 orbeS,

244 2765 449 2829 Sydera
487 2763 559 2815 nil
598 2764 758 2815 radiis
796 2775 1035 2831 possunt,
1075 2765 1149 2815 nil
1186 2765 1383 2816 lumine
1423 2764 1596 2815 Titan.

281 2851 595 2916 (Continuat
646 2853 824 2903 Virtus
861 2855 1101 2919 querelas
1137 2869 1256 2903 cum
1294 2855 1622 2904 execratione
1661 2854 2103 2918 ingratitusznzs)

394 2940 521 2991 Post
558 2940 719 3006 igitur
758 2951 1025 2992 tantorum
1064 2959 1286 3007 operum
1325 2941 1700 3007 experimenta,
1741 2940 2008 3007 fidemque

247 3029 479 3080 Deseror
517 3029 714 3095 ignotis
752 3046 932 3080 errans
972 3029 1198 3096 ingloria
1235 3030 1454 3096 campis,

246 3118 296 3169 O
335 3135 458 3169 vere
496 3118 704 3184 ingrata
741 3128 796 3169 et
832 3119 1141 3170 meritorum
1181 3118 1347 3170 oblita
1384 3135 1624 3170 meorum

241 3205 481 3268 Saecula,
521 3223 618 3257 nec
655 3207 859 3272 priscae
897 3207 1180 3274 quicquam
1220 3206 1723 3259 servantia·laudis!

243 3295 293 3345 O
334 3296 525 3355 Numa,
569 3296 916 3347 Romulidum
952 3296 1298 3357 sanctissime,
1338 3314 1541 3363 vosque
1580 3296 1811 3347 Catones

245 3383 481 3434 Mascula
518 3383 818 3449 progenieS,
858 3394 1022 3450 tuque
1059 3402 1093 3436 o
1132 3386 1416 3436 metuende
1452 3385 1623 3436 securi

247 3471 317 3521 Et
354 3471 536 3523 Celtae
573 3471 746 3538 spolio
785 3472 1006 3538 insignis
1045 3474 1318 3540 Torquate
1354 3474 1601 3540 superb0,

246 3558 479 3625 Vosque,
517 3577 685 3626 genus
725 3560 874 3611 Decii
912 3561 1207 3630 egregium,
1246 3571 1411 3628 tuque
1448 3560 1649 3628 optime
1688 3561 1885 3627 Quinte

247 3646 513 3698 Eximium
551 3649 754 3714 patriae
792 3649 953 3700 decus
1002 3659 1055 3700 et
1095 3658 1151 3699 tu
1191 3666 1385 3714 magne
1424 3649 1691 3715 Quiritum
