2508 3978
1158 115 1390 168 -87-

323 235 590 301 Colligere
626 234 861 285 occultas
898 242 1185 299 coeperunt
1222 250 1454 299 aequora
1492 250 1669 293 venas,
1759 257 1762 259 ·

327 322 677 389 Fluminaque
714 331 769 373 et
806 322 997 372 missos
1036 321 1300 386 Scythicis
1338 321 1406 372 de
1443 321 1668 372 vallibus
1707 328 1914 372 amnes}

324 413 474 461 Tunc
512 411 718 462 Arabes
755 411 891 461 inter
929 426 1164 475 campOS,
1207 409 1421 476 Nilique
1457 410 1669 460 lacunas

323 499 396 550 Se
433 498 538 550 late
575 516 722 550 mare
759 497 987 558 diffudit,
1028 508 1154 548 tunc
1194 498 1402 548 Persica
1448 498 1609 549 Doris

324 588 424 639 Est
459 588 697 655 ingressa
733 586 922 647 solum,
964 603 1164 637 merces
1202 586 1374 637 latura
1411 603 1508 651 per
1545 587 1724 639 Indos,

324 677 462 728 Turn
500 694 714 743 quoque
754 675 981 726 Maeotis
1018 675 1178 725 latam
1219 674 1414 726 diffusa
1450 675 1699 740 paludem

326 765 475 816 Fecit
513 774 567 815 et
602 765 861 815 immenso
899 763 1096 829 glacies
1134 763 1371 814 induruit
1406 763 1570 814 orbe:
1631 769 1633 771 ’

326 853 636 918 Despiciens
673 853 863 904 iterum
901 852 1216 904 sublimibus
1252 852 1361 903 alta
1396 852 1639 903 fenestris

326 942 553 993 Protulit
589 959 683 992 ora
721 959 880 993 senex
917 952 971 992 et
1007 941 1203 992 circum
1244 941 1445 991 lumina
1481 951 1691 992 vertens

322 1032 374 1081 A
412 1031 546 1082 ciliis
583 1032 846 1097 pendente
885 1048 1044 1082 manu
1084 1030 1367 1096 deprendit
1403 1031 1635 1082 Araxem

327 1119 545 1170 Finibus
583 1120 779 1171 includi
819 1120 1082 1186 propriis:
1123 1119 1456 1186 Tygrimque
1492 1119 1779 1173 volantem.

323 1208 413 1259 Sic
452 1218 596 1259 ratus
635 1209 981 1274 Euphratem,
1020 1208 1098 1260 sic
1135 1217 1216 1259 est
1252 1217 1398 1259 ratus
1435 1208 1514 1260 ire
1552 1208 1858 1274 Niphatem,

322 1298 414 1348 Sic
455 1298 718 1358 Rhenum,
758 1298 1128 1363 Venetumque
1167 1298 1383 1363 padum,
1412 1297 1860 1362 Rhodanumque,
1891 1298 2221 1363 Ararimque,

323 1387 414 1437 Sic
454 1387 909 1438 Thermodontem
947 1386 1124 1438 dubiis
1162 1404 1192 1437 e
1228 1386 1462 1437 sontibus
1498 1395 1692 1446 ortum,

325 1477 394 1526 Et
431 1476 567 1527 latos
608 1475 852 1542 Hypanis
890 1475 1072 1527 latices
1111 1475 1374 1541 bisaporis
1412 1485 1467 1526 et
1503 1476 1715 1526 Istrum.

323 1565 412 1615 Sic
450 1565 588 1615 vada
628 1565 884 1626 IordaniS,
926 1565 1002 1615 sic
1042 1565 1150 1616 Nili
1189 1564 1407 1616 flumina
1445 1574 1665 1631 septem,

324 1654 394 1703 Et
431 1671 526 1704 sua
564 1653 655 1720 qui
694 1654 861 1720 nigris
899 1654 993 1704 dat
1029 1653 1245 1704 nomina
1282 1653 1531 1720 gentibus
1571 1654 1778 1713 Indum,

324 1742 735 1808 Immixtumque
772 1742 932 1802 fretis,
973 1742 1254 1809 solumque
1293 1742 1600 1808 Borystenis
1638 1760 1882 1793 amnem:

324 1831 475 1881 Tunc
512 1830 672 1881 etiam
711 1829 881 1881 nitido
920 1830 1098 1882 coelos
1136 1831 1380 1882 incedere
1417 1830 1583 1891 vultu,

325 1919 394 1969 Et
434 1919 635 1970 Phoebi
675 1937 921 1970 occasum
961 1937 1151 1970 croceo
1189 1920 1473 1985 splendore
1511 1920 1802 1979 rubentem,

327 2008 718 2074 Humentisque
756 2009 884 2060 Noti
924 2009 1078 2059 flatus
1117 2026 1351 2060 cessasse
1390 2018 1655 2069 nocenteS,

319 2096 751 2163 Contemplatus:
795 2097 1026 2158 Habent,
1067 2097 1216 2158 dixit,
1256 2097 1396 2148 bella
1434 2115 1623 2163 aspera
1661 2099 1834 2157 finem,

330 2186 401 2235 Et
438 2186 651 2236 tandem
692 2186 852 2237 maris
890 2196 944 2237 et
980 2187 1114 2237 coeli
1154 2186 1393 2238 cecidere
1430 2186 1649 2242 furores,

324 2275 454 2325 Mox
494 2284 725 2325 reserata
761 2275 947 2325 videns
986 2275 1346 2341 bipatentibus
1385 2275 1522 2326 ostia
1560 2275 1728 2327 valvis

327 2362 600 2428 (Namque
639 2363 786 2413 Deus
824 2363 1001 2423 limen,
1039 2364 1187 2430 quod
1225 2364 1487 2414 clauserat
1522 2373 1660 2424 ante,
1702 2364 1939 2429 reclusit)

323 2450 518 2501 Omine
555 2452 869 2503 frondiferae
906 2453 1075 2504 laetus
1112 2453 1394 2519 redituque
1431 2453 1725 2513 columbae,

324 2540 549 2590 Servata
588 2558 707 2591 cum
748 2541 903 2606 plebe
940 2559 1100 2592 senex
1139 2541 1302 2592 exivit
1337 2551 1391 2592 et
1429 2542 1573 2607 agris

327 2629 586 2680 Restituit
623 2647 785 2695 pecus
824 2640 878 2681 et
915 2631 1118 2682 nemori
1158 2648 1328 2697 genus
1366 2648 1523 2682 omne
1561 2631 1805 2691 serarum,

326 2718 396 2767 Et
435 2717 639 2768 levibus
678 2719 864 2784 pennis
902 2719 1144 2770 volucres
1183 2719 1360 2770 abiere
1398 2723 1493 2786 per
1519 2737 1688 2770 auras.

793 2808 1178 2874 (Subiungitur
1211 2809 1463 2859 Abrahae
1499 2810 1762 2870 historia).

479 2895 712 2946 Finierat
749 2896 840 2946 tali
881 2913 1134 2963 responsa
1173 2898 1452 2963 Polymnia
1488 2907 1664 2958 cantu,

328 2982 512 3032 Altera
549 3000 668 3034 cum
709 2984 852 3035 docti
892 2994 1022 3036 nutu
1062 3003 1214 3037 soror
1251 2986 1436 3036 annuit
1473 2986 1596 3045 oris,

331 3071 401 3121 Et
436 3071 699 3137 placidam
741 3073 859 3124 Clio
897 3091 1123 3140 surgens
1161 3074 1413 3126 extollere
1448 3092 1634 3126 vocem

330 3159 523 3226 Coepit
560 3171 614 3211 et
650 3163 951 3228 exemplum
989 3163 1148 3230 prisci
1188 3165 1532 3216 memorabile
1571 3164 1737 3215 dixit:

332 3248 434 3299 His
473 3248 706 3315 adiunge
742 3251 899 3312 seniS,
940 3252 1033 3317 qui
1071 3269 1335 3304 marmore
1373 3252 1577 3318 primus
1616 3257 1772 3303 acuto
1854 3257 1857 3260 ’

332 3338 484 3387 More
523 3338 856 3389 sacerdotum
900 3340 1165 3406 Phrygiae
1203 3342 1515 3407 pudibunda
1553 3342 1767 3407 Cybelis

332 3425 573 3476 Membra
609 3443 810 3487 secanS,
852 3445 1048 3494 magno
1086 3430 1236 3480 dedit
1273 3430 1425 3495 orgia
1463 3440 1616 3496 grata
1655 3430 1900 3487 Tonanti,

334 3513 455 3577 Ipse
492 3524 644 3579 pater
680 3525 893 3567 sanctae
930 3516 1070 3577 fidei,
1110 3527 1262 3583 pater
1299 3518 1671 3584 ipse'timoriS.

334 3602 493 3652 Hunc
531 3604 759 3655 habeant
798 3615 887 3655 tua
925 3606 1097 3656 saecla
1134 3606 1342 3666 ducem,
1383 3606 1458 3657 sic
1496 3606 1705 3657 flectere
1743 3607 1965 3665 coelum,

331 3689 420 3740 Sic
459 3701 664 3743 mutare
704 3694 849 3744 Deos
888 3703 1152 3759 poterunt,
1195 3695 1270 3745 sic
1308 3695 1414 3745 sata
1452 3712 1682 3746 movere.
