2508 3978
1076 106 1343 148 -25-

258 217 644 269 Incustoditum
683 233 788 267 nox
822 215 1143 281 'intempesta
1182 214 1397 280 recepit,

257 306 313 357 Si
354 307 512 371 lupus
550 306 827 356 hesternae
866 304 1073 370 patiens
1111 302 1303 354 ieiunia
1342 302 1488 362 luciS,

257 394 635 460 Sollicitusque
673 394 827 454 fame,
868 392 1158 457 fuerit'per
1195 391 1356 442 limen
1395 401 1638 457 apertum

257 483 346 534 Ad
383 483 525 533 solas
562 482 832 548 ingressus
870 497 1014 540 oveS,
1056 496 1162 531 non
1200 479 1412 545 mitigat
1450 497 1611 530 unum

258 570 556 637 Ingluviem
595 570 767 629 funuS‚
806 569 908 620 sed-
941 569 1107 618 multa
1148 568 1311 618 caede
1350 567 1624 627 madescit,

259 661 320 710 In
360 668 531 710 totum
570 657 844 723 saevitque
881 673 1121 723 gregem,
1161 656 1236 707 sic
1274 673 1394 706 acre
1432 672 1693 707 venenum

263 749 520 807 Insontes‚
560 756 846 812 sontesque
884 745 1048 796 modo
1083 744 1375 810 prosternit
1412 744 1620 796 eodem.

263 837 483 901 Iamque
520 834 866 885 cadaveribus
904 834 1096 884 desunt
1133 833 1250 883 loca
1287 833 1464 883 iuncta
1500 832 1720 883 sacratis

262 924 519 985 Aedibus,
560 921 751 973 effossa
789 922 988 988 passim
1019 922 1214 972 tellure
1252 921 1487 987 profanis

262 1012 579 1063 Conduntur
617 1011 850 1071 tumulis,
890 1010 1324 1076 inhonoratisque
1360 1010 1598 1060 seruntur
1644 1023 1649 1025 “

265 1100 576 1161 FuneribuS,
616 1100 762 1150 dictu
801 1100 1144 1166 horrendum,
1183 1099 1407 1164 visuque
1445 1098 1795 1159 tremendum,

266 1189 470 1240 Praeda
506 1189 630 1240 feris
666 1188 939 1238 inhumata
978 1188 1150 1238 iacent
1187 1197 1240 1238 et
1278 1187 1400 1238 tabe
1439 1187 1620 1238 fluenti

265 1265 626 1329 Circumstans
665 1287 802 1328 tetro
841 1278 989 1328 locus
1027 1276 1317 1327 incestatur
1354 1269 1554 1326 odore:

265 1367 387 1432 Qua
425 1365 617 1431 triplici
657 1365 904 1416 conclusa
945 1365 1092 1415 Pado
1132 1365 1374 1415 Ferraria
1409 1365 1585 1430 longis

265 1455 520 1506 Cladibus
559 1454 803 1506 atteritur
840 1454 1197 1514 dominorum,
1239 1470 1465 1519 corpora
1503 1452 1701 1518 passim

269 1545 560 1594 Pascuntur
598 1561 694 1608 per
732 1560 855 1593 rura
892 1540 1064 1601 caneS,
1106 1542 1420 1608 aquilaeque
1458 1559 1676 1607 rapaces

269 1632 543 1683 Effodiunt
581 1632 727 1682 duris
765 1631 1040 1681 hominum
1081 1648 1210 1681 cava
1249 1630 1449 1680 lumina
1488 1629 1706 1680 rostris:

268 1721 522 1771 Intestina
559 1721 733 1770 serunt
771 1720 1012 1770 volucres
1049 1728 1104 1769 et
1141 1719 1194 1769 in
1231 1720 1421 1769 arbore
1458 1735 1667 1768 summa

270 1810 407 1860 Exta
445 1819 655 1874 patrum
695 1824 958 1873 suspensa·
990 1807 1082 1858 diu
1121 1807 1305 1858 videre
1342 1819 1580 1872 nepotes,

270 1899 511 1948 Membra
548 1907 700 1962 pater
738 1896 826 1946 vix
863 1913 1025 1962 aegra
1064 1897 1294 1955 trahem,
1335 1896 1463 1946 dum
1502 1896 1696 1961 frigida
1733 1895 1918 1947 condit

270 1987 510 2051 Corpora
548 1996 810 2054 natorum,
851 1986 1031 2036 clauso
1069 1985 1306 2035 nondum
1345 1998 1439 2035 ore
1477 1985 1720 2050 sepulcri,

272 2075 492 2125 Labitur
530 2075 644 2140 ipse
681 2091 841 2139 super
877 2091 975 2124 sua
1013 2074 1255 2139 pignora.
1298 2074 1498 2125 Crebra
1536 2091 1753 2124 suorum

271 2164 398 2215 Sola
437 2164 600 2214 domo
633 2172 804 2213 *vacua
843 2173 1012 2214 mater
1051 2163 1176 2213 dum
1199 2163 1401 2213 'funera
1439 2163 1629 2228 plorat,

273 2253 408 2304 Cum
446 2251 693 2317 lacrymis
729 2251 960 2302 animam
1000 2262 1185 2302 tenues
1223 2251 1436 2302 exhalat
1472 2251 1524 2302 in
1563 2269 1735 2302 auras.

274 2340 428 2391 Multi
467 2350 588 2400 ante
625 2357 872 2391 occasum
911 2340 1051 2391 vitae
1088 2340 1262 2390 vicina
1297 2340 1521 2391 scientes

275 2429 407 2479 Fata
445 2428 562 2489 sibi,
603 2428 865 2495 condique
903 2445 1025 2479 suas
1063 2429 1250 2479 tellure
1288 2429 1526 2479 volentes

275 2517 584 2583 Relliquias,
625 2517 806 2568 fodere
843 2518 1034 2578 solum,
1076 2518 1352 2584 glebisque
1389 2517 1622 2568 subactis

276 2607 495 2658 Sacrato
534 2606 641 2657 vivi
680 2623 737 2658 se
774 2623 1122 2672 composuere
1162 2607 1421 2672 sepulcr0.

214 2689 219 2694 ’
944 2697 1108 2761 (Belli
1146 2696 1510 2760 incommoda).

426 2785 571 2834 Rura
608 2783 778 2845 silent,
818 2800 1123 2850 vacuaeque
1159 2783 1269 2834 suis
1307 2783 1598 2834 cultoribus
1636 2784 1810 2844 urbeS,

277 2873 400 2923 Iura
437 2872 534 2923 sori
574 2872 807 2923 clamosa
846 2882 1035 2933 tacent,
1077 2889 1172 2938 per
1209 2872 1443 2937 compita
1481 2872 1654 2935 surgit

280 2961 512 3012 Gramen
550 2972 604 3011 et
641 2951 1027 3011 extinctis‘non
1067 2961 1243 3011 lucent
1281 2961 1493 3027 ignibus
1532 2978 1671 3021 arae,

282 3051 394 3100 Nec
432 3049 618 3100 solitos
656 3059 858 3110 cantuS,
897 3066 994 3100 nec
1032 3049 1227 3100 odores
1265 3050 1464 3115 templa
1503 3050 1739 3101 Sabaeos

276 3138 576 3203 Accipiunt,
612 3138 980 3204 squallentque
1017 3138 1226 3199 domuS,
1267 3148 1414 3189 muta
1449 3138 1629 3189 omnia
1666 3148 1923 3190 moerent.

282 3226 388 3292 Qui
427 3238 678 3292 superant
714 3227 868 3286 cladi,
909 3227 1172 3292 Superfim
1212 3226 1406 3293 quibus
1444 3227 1522 3277 ira
1560 3227 1812 3293 pepercit,

282 3316 561 3381 Coguntur
600 3315 776 3366 miseri
814 3332 912 3366 sua
948 3315 1125 3366 dulcia
1161 3315 1343 3366 limina
1380 3315 1523 3366 cives

284 3404 547 3469 Linquere
582 3413 636 3454 et
675 3403 727 3454 in
766 3404 954 3455 mediis
993 3404 1220 3455 tentoria
1258 3404 1422 3470 figere
1459 3404 1676 3469 campis,

283 3491 431 3542 Sicut
469 3509 564 3557 per
605 3491 834 3557 Libycos
873 3492 1009 3543 solet
1046 3491 1394 3542 armentarius
1433 3508 1592 3557 agros

284 3581 443 3630 Ferre
481 3581 661 3640 larem,
701 3597 988 3645 secumque
1025 3596 1151 3630 suos
1189 3589 1399 3630 vectare
1437 3589 1671 3644 penates.

280 3668 404 3718 Vidi
445 3684 548 3733 ego
587 3685 682 3733 per
720 3668 909 3719 tacitos
947 3667 1111 3718 saltus
1150 3677 1202 3717 et
1242 3667 1510 3732 inhospita
1549 3668 1715 3719 lustra
