2508 3978
1157 81 1391 122 -88-

327 193 409 243 Tu
453 194 567 245 Dea
605 195 709 255 dic,
747 196 979 261 inquam,
1021 206 1142 247 tuus
1181 197 1266 247 hie
1302 198 1468 258 labor,
1509 198 1624 263 ipsa
1662 199 1843 263 capaci

328 282 507 333 Mente
545 292 707 344 tenes,
747 283 994 350 vitaeque
1033 301 1238 336 memor
1276 295 1618 337 monumenta
1643 285 1835 351 prioris

327 369 511 420 Cernis
549 381 603 421 et
640 372 854 422 annales
891 381 1108 423 aeterno
1146 383 1362 438 pectore
1400 391 1595 435 servaS,

327 457 634 524 Cunctaque
673 459 942 525 praeteriti
982 462 1326 512 memoranda
1364 462 1578 528 negotia
1618 463 1808 514 saecli:

326 547 476 596 Tunc
517 547 633 597 Dea
670 547 938 613 virgineos
977 549 1179 609 ocuIOS,
1218 548 1551 615 frontemque
1578 561 1851 602 venustam

326 634 498 685 Movit
534 644 588 685 et
627 635 678 684 in
718 636 924 687 coelum
959 636 1129 688 'versis
1167 638 1241 688 ita
1279 637 1513 689 vultibus
1552 655 1672 689 orsa
1711 650 1825 694 est:

328 723 411 772 Da
450 732 601 787 pater
640 724 865 790 ingeniis
903 726 1096 786 lumen,
1136 726 1207 776 da
1244 726 1493 777 cordibus
1531 745 1700 788 ειη-ες,

326 811 394 861 Et
431 813 593 863 chaos
633 813 877 864 humanis
915 831 1131 865 caecum
1170 815 1238 865 de
1275 815 1540 866 mentibus
1577 817 1739 878 aufer,

324 899 644 966 Oblitosque
682 918 846 952 novas
885 903 1072 954 sordes
1109 903 1326 953 laudata
1362 904 1598 969 priorum

326 989 488 1038 Facta
526 989 693 1055 sequi,
734 1000 1053 1056 patrumque
1092 992 1206 1042 vias
1243 994 1475 1044 concede
1513 1003 1750 1059 nepotes,

325 1078 452 1127 Mox
490 1079 559 1128 ad
599 1095 684 1128 me
723 1096 979 1132 conversa
1016 1098 1221 1147 suoque
1259 1081 1438 1133 innixa
1475 1082 1627 1132 sedili

323 1165 542 1216 Talibus
581 1167 855 1219 historiam
897 1170 1074 1235 coepit
1109 1187 1415 1236 percurrere
1454 1171 1629 1224 dictis.

482 1256 713 1319 (Patria,
758 1259 1008 1316 studium,
1043 1262 1424 1324 peregrinatio,
1457 1261 1601 1327 fides
1637 1267 1728 1314 etc.
1769 1262 2058 1326 Abrahae).

462 1345 627 1396 -Clara
666 1346 801 1397 iacet
837 1348 992 1398 tellus
1032 1349 1169 1398 ultra
1210 1349 1482 1414 Babylona
1519 1351 1817 1415 superbam,

321 1435 496 1499 Quam
537 1446 742 1486 veteres
782 1437 904 1488 ideo
943 1438 1101 1488 vestri
1143 1437 1324 1488 dixere
1364 1439 1719 1500 Medamnem,

322 1523 483 1587 Quod
522 1523 764 1588 geminos
805 1525 941 1575 inter
978 1525 1083 1575 late
1121 1526 1434 1578 diffunditur
1472 1545 1688 1579 amnes:

321 1611 534 1662 Scilicet
573 1613 918 1678 Euphratem,
960 1615 1275 1681 Tigrimque
1313 1633 1342 1666 e
1380 1616 1612 1667 fontibus
1651 1616 1857 1667 hisdem

323 1701 638 1766 Progenitos
677 1712 730 1752 et
768 1720 892 1753 mox
929 1703 1204 1754 disiunctis
1242 1705 1460 1755 flumina
1498 1703 1628 1771 ripis

322 1790 381 1838 In
421 1790 529 1840 duo
569 1791 786 1851 divisos,
828 1809 1055 1858 quorum
1096 1803 1241 1843 secat
1278 1793 1410 1844 illud
1449 1795 1608 1854 anS,

322 1878 588 1930 Occiduas
628 1879 771 1930 aliud
811 1889 1006 1945 parteS,
1047 1881 1318 1947 longoque
1358 1891 1535 1932 meatu

324 1968 421 2018 Per
460 1966 642 2033 nigros
681 1969 920 2019 Arabum
962 1971 1191 2034 populos
1229 1980 1439 2020 versata
1476 1971 1725 2022 rubentes

322 2056 712 2121 Ingrediuntur.
735 2075 901 2123 aquas
940 2069 992 2108 et
1031 2075 1088 2109 se
1125 2076 1245 2109 cum
1289 2059 1493 2110 Doride
1538 2060 1775 2112 miscent.

321 2145 485 2194 Terra
525 2144 688 2210 igitur
727 2146 899 2196 fluviis
940 2146 1084 2211 prius
1124 2146 1415 2213 intercepta
1454 2149 1679 2209 duobus,

321 2234 558 2298 Frugum
601 2244 739 2284 terra
778 2235 938 2295 ferax,
979 2236 1186 2301 argenti
1226 2236 1376 2287 dives
1415 2247 1468 2287 et
1505 2237 1653 2287 auri:

319 2323 472 2387 Quae
511 2323 674 2373 nimio
713 2340 885 2389 neque
923 2325 1036 2374 sole
1073 2325 1265 2385 calenS,
1308 2343 1480 2391 neque
1518 2325 1731 2392 frigoris
1776 2337 1924 2378 aestu

321 2412 508 2462 Pressa
546 2411 697 2477 gravi
737 2413 882 2477 tepet
920 2423 1134 2464 aeterno
1174 2413 1533 2479 placidissima
1570 2432 1729 2465 vere:

321 2499 510 2566 Indiga
549 2501 885 2566 lympharum
926 2512 1103 2552 tamen
1141 2513 1238 2563 est,
1279 2503 1569 2570 paucisque
1613 2504 1817 2570 rigatur

320 2590 594 2650 Fontibus,
636 2590 853 2641 assiduo
893 2600 1182 2656 pascuntur
1218 2592 1461 2658 gramina
1501 2610 1637 2646 rore.

468 2679 616 2729 Haec
655 2679 929 2730 hominum
956 2679 1182 2731 sublime
1220 2698 1404 2746 genuS‚
1446 2682 1722 2748 clarosque
1760 2683 1994 2734 virorum

318 2768 446 2818 Fert
483 2768 704 2828 animOS,
747 2769 947 2819 Divfim
987 2769 1150 2820 saeris
1189 2770 1464 2835 aptissima
1505 2771 1661 2821 rebus

320 2857 556 2917 Pectora,
598 2858 957 2923 caelestesque
995 2857 1108 2908 vias
1148 2868 1201 2908 et
1239 2858 1414 2909 sidera
1452 2860 1658 2918 doctOS,

318 2946 468 3010 Quos
507 2946 688 2996 dixere
729 2947 935 3012 MagOS,
977 2946 1138 2997 etiam
1178 2964 1272 3012 per
1314 2948 1546 2998 Persidis
1583 2966 1760 3015 agr05‚

322 3034 751 3100 Phoenicumque
789 3035 980 3086 domos
1019 3035 1259 3086 habitant
1296 3047 1351 3086 et
1389 3037 1654 3102 Agenoris
1691 3055 1845 3088 arva:

322 3124 439 3174 Hos
478 3123 695 3190 antiqua
734 3125 908 3190 Tyrus
948 3125 1114 3185 novit,
1155 3124 1468 3191 piscosaque
1507 3125 1695 3178 Sidon.

320 3213 486 3262 Terra
524 3222 699 3263 tamen
739 3213 954 3278 gemino
994 3213 1224 3278 primum
1262 3231 1400 3281 quae
1438 3214 1702 3265 clauditur
1739 3234 1911 3277 amne,

321 3302 437 3351 Hos
477 3300 597 3351 tulit
635 3312 689 3351 et
727 3302 927 3366 primos
967 3303 1158 3353 horum
1196 3302 1298 3353 sibi
1338 3302 1572 3354 vindicat
1610 3314 1775 3356 ortus.

322 3391 438 3440 Hac
478 3390 641 3455 igitur
678 3391 746 3440 de
784 3400 943 3456 gente
981 3401 1126 3442 satus
1164 3391 1469 3457 gratissima
1507 3395 1654 3444 caelo

322 3478 626 3544 Progenies,
667 3479 952 3545 magnique
990 3497 1157 3546 sagax
1194 3480 1462 3531 Abramus
1503 3482 1740 3555 Olympi,

319 3567 579 3632 Cognitor
617 3585 822 3619 errores
861 3568 1039 3620 varios
1076 3569 1351 3620 damnavit
1389 3581 1443 3621 et
1482 3588 1600 3621 aras

321 3655 609 3720 Indigenae
646 3656 838 3721 gentiS,
879 3673 1031 3708 veras
1070 3674 1299 3723 namque
1340 3658 1452 3723 ipse
1491 3676 1586 3725 per
1631 3669 1770 3710 artes
