2508 3978
1071 111 1306 150 ‚41-

235 225 584 275 Ostentantur
622 239 754 288 opes
791 221 1006 287 cupido,
1049 219 1174 285 quia
1213 228 1455 284 tempore
1487 216 1643 267 lucis'

235 312 396 378 Cogit
434 329 598 378 opum
636 310 842 376 species
880 319 934 360 et
972 309 1087 369 iter,
1129 308 1277 373 quod
1315 307 1432 357 luce
1469 306 1822 371 frequentant,

231 399 294 450 In
331 399 564 451 tenebris
601 409 850 466 repetunt
886 408 943 449 et
980 407 1110 448 noto
1147 396 1281 446 calle
1319 403 1610 454 recurrunt,

231 488 511 554 Caecaque
548 488 862 555 praeteritas
898 485 1172 536 imitantur
1210 483 1417 535 somnia
1454 498 1624 532 curaS.

233 577 415 642 Quum
454 577 629 628 tacitis
667 584 806 642 ergo‘
838 574 996 626 rediit
1035 591 1141 624 nox
1181 572 1399 623 humida
1439 570 1644 636 pennis,

233 667 415 732 Atque
453 666 776 732 soporiferos
814 663 982 716 niveis
1020 671 1274 728 argentea
1310 659 1451 725 bigis

235 755 386 805 Luna
425 755 571 805 vehit
608 744 807 820 radios»,
843 769 1078 812 somnus,
1119 767 1216 818 per
1253 767 1392 808 rura,
1433 747 1529 814 per
1567 748 1724 798 urbes

229 843 450 908 Spargit
485 843 697 893 lethaeo
737 842 1002 893 medicata
1039 855 1309 906 papavera
1347 855 1484 898 rore,

232 930 303 981 Et
339 930 529 997 vigiles
567 931 738 996 abigit
775 940 979 982 secreta
1016 929 1260 980 incendia
1295 940 1505 978 curass

234 1020 424 1070 Pulsae
462 1021 660 1070 abeunt
695 1020 892 1071 celeres
931 1020 1002 1070 ad
1039 1018 1210 1070 tristia
1248 1018 1431 1068 limina
1471 1016 1629 1076 Ditis,

230 1109 411 1174 Atque
448 1109 594 1160 leves
631 1110 851 1160 haerent
889 1109 988 1160 sub
1027 1125 1228 1174 opacae
1266 1106 1543 1157 frondibus
1582 1104 1728 1155 ulmi.

232 1197 424 1248 Ulmus
462 1198 603 1249 enim
642 1199 835 1250 diffusa
873 1215 1055 1249 comas
1094 1206 1149 1249 et
1185 1196 1403 1248 brachia
1441 1196 1548 1246 late
1579 1210 1583 1213 ·

230 1286 420 1353 Surgit
457 1287 531 1338 ibi
571 1306 602 1338 a
639 1288 831 1339 validis
868 1288 1152 1347 radicibus,
1194 1286 1335 1337 illius
1373 1302 1514 1352 ergo*

235 1376 386 1426 Muta
423 1376 523 1426 sub
562 1376 827 1427 umbrosis
865 1376 1108 1426 habitant
1145 1393 1284 1442 quae
1323 1374 1530 1425 somnia
1569 1374 1731 1424 ramis

234 1464 294 1513 In
334 1463 598 1515 thalamos
637 1466 913 1516 hominum
954 1462 1008 1516 et
1046 1466 1328 1516 tenebrosa
1367 1463 1561 1514 cubilia
1600 1464 1829 1514 ducunt:

230 1553 484 1618 Dantque
519 1570 646 1604 suos
683 1555 788 1605 illis
826 1556 1019 1615 vultus,
1060 1571 1372 1620 vocemque,
1413 1552 1778 1617 habitumque,
1845 1565 1847 1567 ’

228 1641 326 1691 Illa
363 1659 459 1707 per
496 1643 753 1694 obscuros
791 1644 1028 1710 capitum
1070 1644 1290 1708 delapsa
1327 1653 1536 1692 ‘meatus

232 1730 317 1780 Ad
356 1730 574 1796 vigilem
613 1732 844 1783 subeunt
881 1732 1135 1792 animum,
1175 1749 1438 1798 casusque
1475 1725 1661 1797 figuris

227 1818 518 1870 Mobilibus
555 1820 802 1882 formant,
842 1821 1126 1887 sopitaque
1163 1821 1328 1871 corda
1366 1821 1628 1871 iacentum

227 1907 543 1968 Sollicitant,
584 1926 680 1959 nec
720 1917 856 1960 va'na
894 1910 1068 1960 minus
1107 1928 1269 1976 quam
1308 1927 1435 1960 vera
1473 1909 1714 1975 fatigant,

228 1996 436 2046 Interea
471 1996 668 2047 circum
708 1998 868 2048 vittas
906 2008 959 2048 et
997 1999 1188 2049 anhela
1224 1999 1526 2064 frequentes

229 2084 340 2135 Ora
378 2086 561 2136 volant
597 2103 771 2147 curae,
813 2104 1045 2153 moxque
1084 2098 1144 2138 ut
1180 2105 1346 2153 sopor
1392 2088 1585 2148 evolat,
1625 2088 1838 2150 intrant,

228 2174 576 2241 Mordacique
614 2187 796 2228 secant
834 2177 1031 2229 iterum.
1067 2178 1382 2244 praecordia
1421 2188 1612 2228 rostr0.

829 2267 1136 2331 (Cupiditas
1172 2268 1329 2317 corda
1367 2267 1528 2331 rodit)

379 2353 528 2403 Haec
566 2363 649 2404 est
685 2371 824 2420 quae
861 2354 1078 2421 Tityum
1118 2356 1348 2406 volucris
1383 2355 1509 2406 -ferit
1545 2372 1638 2406 ore
1676 2365 1930 2417 cruento,

226 2441 491 2492 Aeternae
529 2452 712 2493 natum
750 2461 970 2509 poenae,
1007 2454 1332 2511 aeternoque
1370 2445 1562 2499 dolori.
1607 2469 1612 2474 ·

227 2529 528 2581 Monstrum
568 2531 733 2598 igitur
770 2534 814 2584 si
853 2536 1069 2600 quando
1107 2535 1258 2600 quies
1299 2534 1537 2584 blandita
1573 2544 1821 2599 soporem

228 2619 502 2680 Reddidit,
544 2632 637 2672 aut
675 2640 807 2674 auro
845 2623 1073 2683 insudat,
1115 2623 1570 2674 sublatave'furto

226 2707 443 2759 Semina
479 2710 761 2776 frugiferae
800 2712 1024 2773 Cereris,
1066 2712 1149 2763 vel
1188 2712 1365 2762 inania
1404 2712 1610 2777 plangit

229 2796 455 2859 Horrea,
496 2798 583 2848 vel
619 2800 753 2850 dura
791 2801 1047 2852 decussos
1085 2800 1347 2866 grandine
1385 2800 1603 2862 fructuS,
1661 2821 1663 2826 ⁴

228 2883 534 2937 Effusamve
572 2887 720 2938 fretis
759 2906 1007 2950 mercem,
1049 2890 1380 2955 deprensave
1419 2887 1572 2951 furta,
1635 2905 1638 2912 ’

227 2974 407 3039 Atque
444 2974 635 3026 iterum
677 2987 869 3028 tractat
906 2979 1006 3028 sub
1045 2988 1202 3029 nocte
1240 2978 1456 3044 negotia
1494 2979 1627 3030 lucis

227 3062 471 3128 Totaque
508 3065 611 3114 sub
644 3066 786 3116 curis
823 3067 864 3116 it
901 3067 1011 3117 vita
1037 3067 1319 3117 >simillima
1357 3068 1535 3122 morti.

376 3152 527 3202 Haec
564 3153 799 3204 animum
839 3155 978 3222 turpi
1020 3156 1290 3206 maculans
1328 3166 1382 3207 et
1419 3156 1645 3223 c'orpora
1681 3157 1801 3207 labe

225 3240 496 3304 Quaerere
532 3243 747 3293 coelesti
787 3243 1015 3309 pretium
1055 3261 1155 3310 pro
1193 3263 1410 3297 munere
1447 3244 1615 3307 iussit,

224 3329 479 3395 Vanaque
518 3332 819 3396 composito
859 3334 1138 3384 mendacia
1173 3335 1373 3401 fingere
1410 3337 1576 3396 vultu,
1608 3355 1611 3358 ·

222 3417 454 3481 Quando
491 3437 711 3485 gravem
752 3438 904 3473 sacro
945 3423 1190 3474 morbum
1234 3426 1540 3476 Naamanus
1567 3426 1633 3476 'in
1672 3436 1828 3478 amne
1875 3445 1878 3448 ’

220 3506 407 3557 Abluit
445 3518 499 3558 et
544 3525 769 3574 puerum
809 3510 994 3575 spoliis
1032 3513 1275 3563 oneravit
1312 3524 1366 3564 et
1405 3531 1554 3565 aur0.‘

222 3594 372 3645 Haec
409 3596 597 3647 eadem
636 3598 893 3649 scelerum
915 3599 1179 3664 genitrix,
1219 3596 1573 3669 fraudumque
1611 3598 1867 3669 magistra

226 3683 488 3748 Reginam
530 3685 745 3751 Libycis
782 3687 964 3752 posuit
1001 3683 1146 3753 quae
1179 3688 1231 3739 in
1271 3690 1495 3741 collibus
1533 3688 1718 3742 urbem
