2508 3978
1153 132 1372 174 -⁷⁷--

302 243 565 308 Ingenuas
603 241 836 292 colerent
874 241 1132 300 homineS,
1171 257 1267 291 nec
1305 240 1442 291 iacta
1480 239 1713 305 perirent

298 330 532 389 Semina,
571 347 668 381 nec
705 330 822 381 litui
858 338 1168 395 streperent,
1210 345 1306 379 nec
1342 328 1562 379 classica
1598 338 1756 392 cantu

300 419 563 480 Terribili,
605 436 700 470 nec
738 419 855 470 dira
892 419 1004 472 lues
1042 417 1373 484 praecideret
1410 434 1593 468 annos.

301 509 439 559 Nam
479 508 603 559 licet
639 507 909 574 obsequiis
946 507 1125 572 opifex
1162 507 1391 558 lucentia
1430 506 1613 557 mundi

298 598 458 648 Astra
496 597 605 648 suis
642 607 830 663 aptans
868 613 1064 656 semen,
1105 612 1398 662 causasque
1437 595 1698 647 malorum

300 687 520 752 Ignibus
557 686 815 737 aethereis
854 684 1077 745 dederit,
1117 684 1376 751 coeloque
1412 683 1649 735 volanti:

299 775 421 841 Ipse
459 785 636 825 tamen
674 773 822 834 liber,
862 774 1116 839 nulloque
1151 773 1412 824 coercitus
1451 782 1636 831 astro,.

296 863 546 930 Vultque,
587 872 871 928 potestque
908 862 1010 928 piis
1048 861 1310 928 precibuS,
1351 861 1598 927 votisque
1635 877 1854 912 suorum
1920 912 1923 914 .

294 953 544 1002 Annuere
583 960 637 1002 et
674 951 807 1002 coeli
845 951 1086 1001 flammas
1124 950 1373 1002 cohibere
1411 959 1679 1004 nocentes·

294 1039 492 1106 Aspice
530 1039 927 1106 magnanimum
964 1039 1401 1106 bellatoremque,
1441 1038 1757 1105 ducemque,

296 1129 402 1195 Qui
442 1128 705 1195 promissa
742 1145 898 1179 suum
938 1145 1108 1194 genus
1147 1128 1441 1179 introduxit
1478 1127 1530 1178 in
1570 1144 1731 1178 arva:

296 1218 365 1268 Et
403 1217 608 1268 facilem
648 1234 913 1283 cognosce
953 1218 1145 1277 Deum,
1188 1216 1500 1283 miserisque
1538 1217 1801 1267 faventem

294 1305 520 1357 Casibus
558 1316 612 1357 et
649 1316 830 1357 nostra
869 1305 1134 1371 Superum
1174 1322 1332 1371 prece
1370 1305 1586 1356 numina
1625 1305 1782 1357 flecti.

295 1395 526 1445 Barbara
563 1412 696 1461 gens
732 1394 991 1460 populum
1031 1394 1280 1445 reducem
1320 1394 1638 1460 prohibebat
1667 1395 1743 1445 ⁴ab
1781 1411 1914 1460 agro

296 1483 555 1543 Pollicito,
595 1492 780 1534 contra
817 1483 1044 1550 sumptis
1085 1484 1210 1534 Dux
1247 1482 1477 1549 impiger
1515 1482 1677 1533 armis

294 1571 481 1623 Castra
519 1589 739 1623 movens
776 1573 959 1624 hostes
994 1572 1196 1638 ingenti
1234 1581 1415 1638 strage
1452 1572 1666 1638 fugatos

294 1660 490 1712 Pressit
525 1671 580 1712 et
617 1661 808 1713 infesto
846 1663 1028 1712 turbas
1067 1662 1195 1712 dum
1233 1661 1480 1712 caederet
1512 1677 1655 1715 ense.

292 1751 405 1800 Iam
445 1767 550 1800 nox
588 1759 703 1800 atra
739 1760 900 1815 caput
937 1750 1112 1801 velata
1149 1748 1484 1815 nigrantibus
1523 1749 1727 1800 umbris

293 1839 553 1890 Pallentes
592 1839 818 1904 urgebat
854 1856 1040 1904 equOS,
1080 1838 1388 1904 lentumque
1425 1854 1674 1903 soporem

291 1928 350 1977 In
390 1937 555 1977 terras
594 1927 779 1993 biiugo
817 1944 997 1978 secum
1037 1937 1249 1978 temone
1285 1926 1530 1987 vehebat,

289 2016 373 2065 Ne
410 2014 640 2066 tenebris
678 2015 902 2082 decepta
940 2033 1128 2066 manus
1165 2015 1384 2066 victoris
1422 2015 1491 2065 ab
1529 2014 1653 2075 ictu,

288 2103 573 2169 Caedeque
610 2115 856 2163 cessaret,
897 2104 1132 2169 Solymis
1170 2113 1230 2154 ut
1266 2103 1441 2170 gloria
1479 2103 1649 2154 maior

289 2193 444 2242 Esset
481 2202 534 2243 et
571 2193 753 2243 evulsa
791 2193 1001 2258 generis
1041 2192 1220 2245 radice
1257 2193 1471 2259 superbi

287 2280 480 2331 Libera
518 2281 751 2346 pacificis
790 2281 1091 2333 habitarent
1126 2281 1343 2347 agmina
1380 2282 1600 2347 campis,

286 2369 441 2430 Vota,
483 2386 772 2436 precesque
808 2370 960 2421 ducis
1001 2371 1147 2422 Deus
1186 2371 1371 2431 audiit,
1408 2380 1574 2437 atque
1610 2370 1840 2423 volantis

285 2458 407 2523 Ipse
445 2475 632 2509 manus
673 2458 872 2509 Phoebi
912 2459 1296 2525 volucrumque
1333 2459 1553 2511 retraxit
1578 2476 1836 2526 equorum

287 2547 426 2598 Lora
468 2548 638 2608 Pater,
679 2547 964 2614 pluresque
1003 2548 1144 2599 diem
1184 2548 1439 2614 produxit
1474 2548 1527 2599 in
1554 2548 1730 2609 horaS,

283 2635 648 2702 Vincendique
686 2653 864 2687 moras
903 2637 1052 2688 dedit
1089 2647 1144 2688 et
1180 2654 1360 2689 comes
1397 2637 1495 2689 ivit
1534 2637 1587 2688 in
1625 2655 1790 2689 arma.

283 2725 376 2775 Sol
416 2725 633 2790 stupuit,
674 2726 887 2792 fixoque
925 2726 1017 2777 diu
1055 2727 1383 2792 resplenduit
1419 2727 1565 2778 orbe.

283 2813 507 2864 Caetera
545 2831 684 2880 quae
720 2815 853 2866 coeli
895 2816 1185 2867 Dominum
1227 2816 1422 2867 Titana
1459 2826 1754 2882 sequuntur

283 2902 572 2952 Ordinibus
611 2902 768 2954 certis
807 2921 904 2954 sua
943 2921 1008 2955 ne
1047 2905 1337 2964 intervalla,
1378 2914 1637 2971 vetusque

281 2990 470 3041 Sidera
510 3001 776 3043 mutarent
813 2992 915 3043 iter
952 3003 1006 3043 et
1044 3011 1110 3044 ne
1148 3004 1384 3045 curreret
1423 2993 1567 3045 orbis

281 3079 485 3129 Ordine
524 3081 737 3130 turbato
775 3098 961 3132 currus
1000 3091 1208 3133 traxere
1245 3082 1436 3134 citatos

284 3169 350 3217 Et
390 3167 515 3233 iuga
553 3168 767 3220 frenatis
804 3170 982 3221 subito
1023 3179 1237 3222 tenuere
1275 3172 1552 3238 quadrigis

279 3256 421 3306 Solis
460 3256 527 3306 ad
568 3257 853 3323 exemplar,
895 3275 1186 3326 regemque
1224 3260 1430 3311 imitata
1467 3260 1728 3327 quierunt,

281 3344 475 3394 Uranie
514 3344 654 3395 dulci
692 3356 897 3412 septem
936 3347 1240 3399 discrimina
1276 3358 1433 3399 cantu

279 3432 431 3497 Quae
470 3433 607 3499 regit
645 3433 870 3486 immoto
907 3453 1092 3487 vocem
1133 3437 1449 3503 compressit
1485 3438 1743 3503 Olympo,

277 3520 366 3571 Sic
406 3521 562 3572 Pater
599 3522 780 3583 edixit,
818 3522 894 3574 sic
934 3524 1023 3575 Dii
1062 3525 1232 3576 secere
1270 3526 1517 3586 minores,

277 3609 595 3675 Sirenesque
632 3620 772 3672 octo,
813 3611 1006 3678 quibus
1045 3622 1126 3663 est
1163 3613 1287 3664 data
1325 3622 1453 3664 cur'a
1492 3615 1739 3666 movendi

278 3697 584 3748 Immortale
623 3699 727 3750 Dei
764 3699 1020 3765 templum
1061 3700 1142 3751 bis
1180 3710 1434 3767 quattuor
1458 3702 1631 3754 orbes.
