2508 3978
1249 112 1483 153 -74-

425 218 696 268 Exanimis
735 218 901 267 virtus
939 217 1197 268 scelerum
1235 219 1336 269 sub
1374 219 1514 270 mole
1552 218 1787 284 sepulta*
1819 231 1824 235 ·

429 306 711 372 Respirare
749 323 937 371 parum
976 306 1090 356 visa
1127 315 1209 356 est
1244 317 1298 357 et
1335 308 1520 358 tollere
1558 308 1799 358 frontem.

426 397 496 445 Et
534 395 632 445 nisi
673 404 752 444 tot
790 394 931 444 vitiis
970 395 1101 445 haec
1138 395 1348 446 saecula
1384 406 1564 447 nostra
1603 396 1822 447 fuissent

428 485 748 549 Depravata,
789 483 913 533 boni
953 492 1199 548 poterant
1236 485 1455 534 rectoris
1494 486 1730 536 habenae

426 573 675 622 Errantes
714 572 917 622 frenare
954 580 1115 631 rotaS,
1156 571 1252 622 sed
1292 581 1485 623 tantus.
1506 590 1764 639 equorum

427 659 664 724 Impetus
703 658 943 724 aurigam
982 668 1213 725 superat,
1254 661 1552 726 frustraque
1590 671 1879 712 retractans

430 748 569 797 Lora
607 747 932 812 gubernator
969 747 1081 798 sine
1118 748 1238 814 lege
1277 766 1371 814 per
1410 748 1551 799 invia
1589 750 1767 800 fertur.

432 837 717 900 Propterea
756 846 953 887 sortem
992 836 1150 887 doleo
1189 837 1466 888 mitissime
1504 846 1713 903 patrum

427 925 599 989 Xyste
640 935 802 985 tuam,
843 927 1016 976 fueras
1054 926 1205 976 annis
1243 926 1550 977 melioribus
1587 936 1758 992 aptuS.

430 1014 527 1063 Est
565 1013 660 1064 tibi
698 1031 835 1079 quae
875 1023 1022 1064 tanto
1061 1015 1189 1064 satis
1227 1025 1311 1065 est
1348 1014 1401 1064 in
1440 1015 1677 1081 principe
1717 1016 1911 1066 virtus:
1981 1075 1998 1080 ..

427 1102 538 1152 Sed
577 1103 722 1153 velut
761 1103 998 1153 obscuris
1039 1103 1240 1154 Phoebi
1280 1104 1379 1154 sub
1416 1103 1644 1154 nubibus
1683 1105 1844 1155 ardor

428 1192 674 1256 Languet
712 1201 766 1241 et
804 1192 994 1241 umbra
1032 1191 1172 1242 diem
1213 1192 1395 1257 piceae
1433 1192 1676 1258 caliginis
1714 1194 1900 1253 aufert,

429 1279 518 1330 Sic
558 1288 649 1329 tua
687 1280 921 1343 corrupti
960 1280 1092 1330 vitio
1132 1280 1410 1331 clementia
1448 1281 1605 1331 saecli

429 1368 775 1428 Obscuratur‚
817 1378 943 1419 eunt
980 1386 1194 1435 pessum
1234 1369 1527 1435 pietasque,
1567 1370 1821 1436 fidesque.

510 1457 712 1522 (Varia
751 1463 978 1521 regnant
1010 1460 1261 1508 vitiorum
1283 1465 1548 1520 monstra,
1594 1459 1689 1509 sed
1720 1460 1906 1509 desunt
1939 1459 2255 1523 domitores).

581 1547 753 1596 Lerna
790 1547 943 1611 palus
981 1556 1121 1597 terra
1158 1557 1255 1607 est,
1296 1547 1546 1598 vitiorum
1586 1548 1846 1598 exercitus
1883 1547 2070 1613 hydra,

431 1634 647 1685 Alcides
688 1653 948 1701 nusquam
987 1645 1084 1696 est,
1126 1636 1400 1686 ardentem
1441 1654 1599 1687 saeva
1638 1635 1977 1687 Chimaeram

435 1725 674 1774 Monstra
712 1733 907 1784 tenent,
949 1741 1046 1775 nec
1084 1724 1236 1775 adest
1275 1725 1461 1776 Glauci
1502 1725 1797 1775 castissima
1835 1725 2028 1790 proleS.

432 1813 675 1864 Candida
714 1813 987 1879 Gorgonei
1027 1813 1215 1879 capitis
1251 1831 1408 1864 coma
1445 1814 1596 1864 fluxit
1633 1814 1687 1864 in
1726 1831 1942 1879 angueS,

435 1902 504 1951 Et
539 1918 712 1967 neque
752 1902 1001 1960 Mercurii
1040 1911 1278 1967 prosunt,
1319 1919 1414 1952 nec
1454 1901 1686 1952 Palladis
1725 1918 1888 1952 arma.

436 1991 718 2041 Daedaleis
756 1990 957 2040 inclusa
994 1990 1094 2040 viis
1134 1991 1335 2041 Minoia
1373 2000 1610 2041 monstra

436 2080 639 2130 Passim
679 2067 935 2140 habitant,
975 2080 1172 2138 crebris
1211 2090 1420 2130 uterum
1460 2097 1597 2146 quae
1635 2080 1887 2131 caedibus
1926 2088 2138 2146 augent,

435 2171 548 2219 Nec
586 2168 726 2234 potis
766 2178 847 2219 est
885 2170 1052 2219 multa
1091 2169 1381 2234 ingluviem
1421 2179 1662 2219 saturare
1697 2169 1897 2234 rapina,

436 2260 548 2309 Nec
585 2265 802 2323 superat
837 2257 1045 2309 Thesea
1084 2275 1300 2308 manus:
1344 2274 1438 2323 per
1477 2267 1632 2318 tecta,
1675 2275 1770 2323 per
1807 2257 1954 2308 aulas

438 2348 710 2412 Harpyiae
749 2348 953 2398 funesta
991 2347 1121 2406 lueS,
1163 2347 1429 2412 fluxuque,
1471 2347 1715 2412 fameque

437 2437 662 2486 Infestae
701 2436 952 2493 volitant:
997 2437 1198 2486 Boreae
1236 2452 1405 2500 genus
1443 2452 1600 2486 omne
1638 2434 1871 2486 recessit.

437 2525 667 2590 Syrenes
707 2525 930 2575 redeunt
969 2534 1022 2578 et
1062 2524 1263 2574 Phoebi
1302 2523 1409 2574 filia
1448 2523 1617 2584 Circe,

439 2615 590 2679 Quae
629 2613 868 2679 placidos
907 2613 1182 2664 hominum
1221 2613 1368 2663 ferali
1408 2612 1641 2665 carmine
1678 2613 1857 2663 vultus

439 2703 612 2753 Vertit
649 2703 702 2752 in
741 2702 977 2753 immites·
1009 2703 1204 2752 formas
1243 2712 1296 2752 et
1335 2702 1388 2751 in
1426 2719 1520 2752 ora
1558 2702 1804 2752 ferarum.

444 2792 673 2842 Plurima
710 2801 835 2842 sunt
873 2791 1025 2842 nobis
1064 2791 1231 2841 sancti
1270 2790 1495 2856 vestigia
1533 2789 1708 2849 saecli,

442 2883 510 2932 Et
549 2880 722 2946 gentis
763 2890 1105 2931 monumenta
1143 2880 1279 2944 piae,
1319 2889 1442 2930 sunt
1479 2878 1646 2929 ardua
1686 2877 1913 2943 templa;

441 2972 578 3021 Sunt
615 2969 776 3020 sacris
814 2979 1069 3035 congesta
1108 2978 1318 3034 patrum
1357 2977 1540 3019 sancta
1576 2984 1698 3018 ossa
1736 2964 2008 3031 sepulcris,

443 3060 539 3109 Est
578 3058 700 3109 fidei
739 3067 913 3123 caput,
955 3068 1036 3108 est
1073 3057 1184 3108 veri
1223 3057 1376 3107 latria
1414 3055 1686 3115 TonantiS,

444 3150 552 3198 Ista
590 3147 685 3197 sed
725 3146 1082 3211 Hesperidum
1122 3146 1268 3196 velut
1305 3162 1464 3196 aurea
1504 3144 1643 3194 mala
1681 3143 1937 3194 dracones

445 3234 685 3286 Caerulei
725 3244 952 3294 servant,
993 3237 1102 3300 (res
1141 3233 1478 3298 detestanda)
1518 3249 1614 3283 nec
1653 3231 1774 3282 ullis

448 3326 490 3373 F
494 3324 650 3374 lenda
688 3323 816 3374 satis
853 3323 1118 3387 lacrymis,
1159 3339 1255 3373 nec
1294 3339 1379 3372 me
1417 3320 1649 3372 convitia
1692 3319 1974 3385 quisquam

447 3415 650 3464 Texere
688 3421 947 3471 causetur,
990 3412 1320 3477 mordaxque
1357 3410 1617 3461 excudere
1654 3424 1901 3459 carmen:

450 3503 598 3552 Haec
637 3511 758 3551 sunt
797 3518 895 3566 pro
934 3500 1128 3551 sanctis
1167 3499 1414 3566 gemituS,
1455 3498 1702 3557 lamenta,
1744 3496 1956 3546 dolores

451 3590 688 3641 Moribus
728 3600 780 3641 et
819 3590 1084 3655 Superum
1124 3606 1222 3654 pro
1262 3588 1535 3638 maiestate
1571 3584 1834 3651 querelae.
