2508 3978
1102 126 1305 167 -7„

180 253 291 292 tum
333 239 403 291 68
442 256 623 299 annOS,
663 246 717 288 et
757 237 1067 288 Federicum
1110 234 1406 300 Principem
1447 250 1796 284 marmoream
1836 233 2063 298 effigiem
2103 250 2221 282 cum

183 331 362 380 laurea
401 328 661 394 posuisse,
702 343 821 377 cum
862 325 1108 392 princeps
1149 326 1463 374 Francz'scm
1500 322 1644 374 illam
1683 322 1912 387 effigiem
1952 322 2019 372 de
2057 329 2222 371 terra-

178 424 309 469 cotta
335 416 581 468 collocari
618 414 817 468 fecerit.
844 414 967 464 Non
994 422 1193 462 tantam
1221 411 1386 477 igitur
1423 420 1656 461 meretur
1691 410 1866 460 fidem.
1894 395 2226 460 Auctoritate

186 506 318 557 Iovii
355 506 496 556 idern
537 504 860 555 affirmarunt
900 503 1052 552 Bern.
1094 501 1161 550 de
1187 500 1237 550 la
1266 501 1549 565 Monnoye.
1594 499 1824 550 Niceron
1862 510 1961 549 etc.
1996 499 2226 549 Niceron

186 612 312 645 vero
351 599 523 661 (tomo
562 590 658 657 27)
695 601 750 642 et
787 590 872 640 alii
913 589 1140 640 retinent
1181 589 1563 648 Ptolomaeum,
1604 589 1818 639 fratrem
1847 588 2131 654 Baptistae,
2160 588 2228 637 le-

186 681 448 748 gitimum.
490 683 602 732 Iam
630 681 683 730 in
708 679 942 730 editione
967 694 1188 744 operum
1216 676 1356 727 1576
1381 671 1437 727 in
1463 676 1705 742 Epistola
1732 665 2074 727 Dedicatoria
2099 677 2229 727 haec

184 771 368 837 opinio
405 770 542 821 circa
574 768 872 835 vBaptistan:
913 767 1170 818 refutatur
1206 776 1261 816 et
1301 767 1359 818 P.
1388 765 1636 817 Floridus
1675 765 1963 816 Ambrosio
1990 766 2057 816 O.
2086 765 2147 816 C.
2178 765 2229 814 in

183 859 406 925 egregio
445 875 633 925 opere:
675 858 761 907 De
799 857 951 907 rebus
969 858 1134 920 gestis
1160 873 1220 905 ac
1244 857 1454 920 scriptis
1489 854 1745 920 Operibus
1770 855 2039 919 Baptistae
2078 855 2230 905 Man·

185 951 353 1007 tuani,
400 946 618 998 Taurini
664 944 821 1006 1784,
862 947 976 1012 (pp.
1005 942 1114 994 220
1141 944 1194 994 in
1247 943 1335 1009 40)
1374 943 1518 994 illam
1547 943 1736 994 iterum
1766 943 1969 995 refellit.
2012 974 2079 981 —
2120 944 2228 993 An-

186 1054 258 1088 no
295 1045 471 1087 autem
519 1034 656 1086 1873
699 1037 776 1090 St.
819 1034 1017 1084 Davari
1056 1033 1346 1099 publicavit
1385 1033 1637 1083 Mantuae
1673 1033 1987 1098 opusculum
2034 1031 2099 1082 16
2139 1050 2227 1098 pp.

184 1127 371 1193 (Della
402 1126 660 1190 famiglia
701 1124 988 1188 Spag7tol0)
1015 1123 1067 1172 in
1095 1138 1202 1188 quo
1230 1121 1399 1172 edidit
1424 1121 1704 1187 epistolam
1739 1119 1878 1171 1512
1920 1121 2231 1172 Ptolomaeo

186 1215 444 1265 directam
484 1214 537 1264 in
576 1230 682 1280 qua
706 1230 763 1263 se
790 1211 1075 1262 subscribit
1100 1210 1314 1260 mittens
1358 1227 1388 1260 «
1416 1210 1616 1260 Pouola
1658 1211 1839 1260 Vestra
1865 1212 1926 1260 dz'
1946 1211 2103 1261 Mage
2145 1211 2234 1260 Vo-

183 1309 297 1353 stra
336 1303 517 1352 madre
538 1320 587 1352 ».
630 1301 802 1367 Igitur
841 1298 1179 1350 Ptolomaeus
1218 1307 1358 1349 esset
1394 1307 1536 1350 certe
1574 1298 1898 1364 illegitimus.
1938 1299 2234 1364 Argumen-

188 1392 258 1442 tis
295 1390 599 1457 ingeniosis,
626 1398 688 1440 ut
705 1388 865 1439 etiam
894 1387 1129 1438 Gabotto
1156 1404 1219 1437 ea
1244 1386 1498 1447 nominat,
1526 1386 1622 1437 sed
1648 1403 1754 1437 non
1779 1387 2231 1448 concludentibuS,

189 1479 262 1533 ibi
289 1478 526 1531 defendit
563 1487 622 1529 ut
634 1478 916 1544 probabile,
952 1474 1246 1541 Baptistam
1273 1475 1434 1526 etiam
1461 1475 1683 1526 eandem
1712 1485 1935 1526 matrem
1967 1476 2232 1536 habuisse,

187 1587 309 1621 cum
347 1567 401 1619 in
441 1567 707 1635 Operibus
746 1566 984 1617 nominet
1022 1565 1390 1616 Ptolomaeum
1417 1565 1630 1615 fratrem
1662 1582 1974 1631 germanum
2012 1575 2066 1616 et
2103 1565 2236 1616 alios

188 1660 374 1709 fratres
412 1657 628 1724 quidem
668 1655 902 1706 carnales
941 1654 1037 1705 sed
1074 1671 1365 1720 numquam
1418 1670 1716 1719 germanOS,
1771 1663 1932 1720 atque
1982 1655 2237 1705 Constan-

191 1746 319 1796 tiam
360 1744 565 1810 Maggi,
604 1742 789 1810 (latine
827 1741 980 1807 Maii)
1019 1741 1236 1807 quidem
1277 1750 1517 1801 matrem,
1564 1742 1658 1791 sed
1697 1759 1966 1808 nunquam
2013 1752 2235 1793 matrem

192 1851 365 1886 meam
403 1834 487 1885 vel
525 1841 761 1883 nostram
790 1831 884 1897 (¹).
927 1832 1149 1896 Insuper
1188 1830 1239 1880 in
1279 1829 1505 1895 septima
1543 1830 1732 1896 ecloga
1769 1830 2005 1896 loquitur
2043 1831 2111 1882 de
2150 1850 2238 1883 no.

191 1940 373 1974 verca:
418 1939 450 1972 <‹
472 1923 667 1981 Durus,
707 1930 760 1970 et
798 1919 1016 1969 immitis
1042 1928 1194 1984 pater
1226 1927 1386 1984 atque
1412 1919 1641 1984 superba
1680 1937 1906 1970 noverca
1934 1937 1983 1980 ›>,
2013 1930 2067 1971 et
2091 1910 2237 1971 iuxta

192 2012 369 2078 plures
408 2010 479 2060 ibi
520 2009 719 2060 mentio
761 2009 815 2058 fit
853 2008 921 2058 de
960 2017 1129 2058 matre
1167 2008 1378 2072 Maggi.
1414 2007 1575 2058 Nullo
1615 2017 1791 2058 autem
1832 2009 1995 2059 modo
2033 2020 2234 2060 certum

192 2110 288 2160 est,
330 2116 451 2150 eum
489 2099 561 2149 ibi
600 2098 668 2148 de
704 2115 767 2147 ea
805 2096 982 2163 loqui;
1023 2096 1239 2162 insuper
1275 2105 1356 2146 est
1395 2106 1600 2147 tantum
1641 2096 1870 2147 imitatio
1909 2097 2118 2163 Virgilii
2154 2101 2237 2163 (ut

192 2189 387 2255 pluries
425 2187 572 2252 facit)
612 2186 701 2253 qui
741 2186 927 2236 habet:
975 2202 1006 2236 «
1033 2185 1131 2236 Est
1169 2185 1297 2235 mihi
1338 2202 1568 2259 namque
1606 2185 1751 2235 domi
1780 2196 1929 2251 pater
1966 2196 2126 2252 atque
2164 2187 2238 2237 in-

195 2279 333 2329 iusta
372 2294 599 2328 noverca
626 2294 657 2326 ›>
698 2284 752 2325 et
790 2275 843 2325 in
883 2275 1054 2340 prima
1080 2274 1285 2340 Ecloga
1309 2274 1622 2341 designatur
1662 2292 1691 2325 «
1721 2293 1907 2341 aspera
1935 2285 2117 2336 mater,
2147 2277 2239 2328 du-

196 2366 405 2418 rissima
442 2373 663 2415 mater»
706 2364 853 2431 quod
891 2364 1032 2413 idem
1073 2373 1228 2413 sonat
1266 2381 1328 2413 ac
1365 2380 1609 2415 noverca.

346 2456 475 2506 Post
515 2463 740 2505 mortem
762 2434 928 2519 patris
962 2450 1102 2502 1494
1129 2451 1292 2518 aliqui
1319 2451 1411 2502 filii
1441 2453 1786 2504 Constantiae
1811 2455 2089 2520 protestati
2118 2466 2240 2506 sunt

195 2554 380 2597 contra
418 2551 811 2594 testamentum.
853 2541 1028 2592 Mater
1065 2549 1189 2591 tunc
1214 2558 1321 2591 non
1346 2558 1403 2591 se
1430 2542 1656 2592 revolvit
1695 2543 1763 2592 ad
1805 2543 2116 2608 Baptistam,
2146 2545 2241 2595 sed

198 2633 267 2685 ad
305 2633 466 2684 alium
506 2631 688 2686 filium,
731 2630 939 2681 Scimus
978 2639 1155 2680 autem
1197 2629 1490 2695 Baptistam
1531 2640 1656 2681 tunc
1704 2613 1957 2682 Mantuae
2005 2650 2110 2683 non
2149 2632 2241 2683 ad—

197 2723 357 2774 fuisse
395 2732 449 2773 et
485 2722 647 2772 alium
686 2719 851 2770 filium
891 2727 1112 2785 propter
1141 2736 1293 2768 suum
1322 2703 2042 2787 officium‘apud'principem
2071 2722 2241 2787 magis

198 2813 446 2863 idoneum
488 2809 647 2860 fuisse
685 2809 754 2859 ad
792 2808 895 2858 hoc
933 2807 1224 2872 negotium,
1267 2807 1335 2858 de
1373 2824 1479 2872 quo
1520 2808 1717 2873 pluries
1757 2809 1990 2875 religiosi
2018 2819 2071 2860 et
2096 2827 2241 2875 prae-

197 2901 378 2953 sertim
418 2908 622 2966 poetae,
664 2898 836 2948 minus
874 2882 1190 2962 intelligunt.
1222 2896 1461 2962 Baptista
1501 2907 1677 2948 tamen
1716 2898 1802 2948 die
1849 2897 1913 2948 10
1942 2900 2080 2950 Νον.
2120 2900 2241 2950 scri-

198 2991 304 3057 psit
341 2989 410 3039 ad
450 2987 764 3053 Principem,
804 3003 862 3037 se
898 3002 1153 3036 excusans
1174 2995 1393 3052 propter
1419 2986 1793 3051 occupationes
1833 2987 2107 3053 religiosas
2146 2989 2239 3038 sed

199 3079 355 3130 simul
382 3076 647 3128 affirmans
673 3074 820 3141 quod
856 3091 1037 3125 curam
1077 3074 1235 3125 etiarn
1276 3075 1496 3125 haberet
1533 3075 1601 3125 de
1639 3075 1887 3126 fratribus
1924 3078 2239 3127 carnalibus.

202 3169 261 3217 In
301 3167 506 3232 Opere:
547 3165 634 3215 De
672 3164 910 3214 Forbuna
943 3162 1227 3228 Gonzagae
1251 3162 1492 3213 nominat
1516 3162 1805 3229 Aegidium
1839 3164 2052 3214 fratrem
2081 3164 2240 3214 etiam

191 3271 512 3321 germanum
549 3253 674 3320 (Ed.
711 3251 850 3303 1576
890 3254 969 3304 111
1011 3253 1098 3303 fol.
1147 3251 1289 3319 188).
1332 3253 1403 3303 Et
1441 3252 1493 3303 in
1533 3253 1635 3303 fine
1674 3251 1936 3303 Carminis
1976 3253 2043 3303 ad
2068 3253 2242 3304 Ptolo·

202 3361 445 3397 maeum:
486 3344 573 3393 De
630 3348 792 3393 morte
841 3342 1083 3394 Federicz‘
1132 3342 1393 3408 Spagnoli
1426 3350 1488 3409 (t.
1544 3343 1567 3392 I
1619 3342 1706 3397 fol.
1760 3340 1879 3401 143,
1917 3340 2055 3391 1506
2095 3353 2243 3407 peste

202 3432 387 3497 ablati)
420 3433 561 3483 hunc
596 3431 754 3482 etiam
788 3448 1108 3496 germanum
1147 3430 1394 3497 appellat,
1451 3431 1593 3482 Num
1634 3431 1768 3481 sorte
1815 3429 2013 3480 Davari
2058 3447 2243 3481 caecus

325 3637 381 3692 (¹)
415 3636 507 3680 His
537 3636 832 3692 argumentis
862 3635 1079 3679 iamfere
1109 3647 1225 3680 usus
1255 3642 1330 3680 est
1365 3637 1678 3691 Lamonuoye
1710 3635 2007 3692 (Menagae‘ana
2040 3636 2130 3690 Ip.
2157 3648 2242 3689 ²73

204 3712 283 3754 ed.
324 3710 456 3764 17¹5)
487 3711 574 3753 sed
607 3709 837 3754 refutatur
868 3710 930 3753 ab
962 3708 1234 3755 Ambrosio.
