2508 3978
1229 97 1462 145 ᾐω-

396 211 634 272 Pectora,
675 221 955 263 montanos
992 213 1170 277 apices
1208 223 1370 280 atque
1405 215 1573 265 ardua
1610 232 1738 266 saxa

391 299 637 349 Terribili
678 299 924 365 quatiunt
961 309 1125 359 motu,
1165 302 1539 367 pecudumque
1575 320 1672 368 per
1709 321 1802 354 ora

394 386 640 437 insolitas
679 387 887 452 fingunt
924 404 1099 447 voceS,
1139 388 1411 455 Aegyptia
1448 391 1647 457 pallent

388 474 632 525 Sollicito
670 474 951 526 simulacra
989 486 1151 536 metu,
1191 477 1422 542 suspirat
1458 479 1693 531 Anubis:

391 563 435 611 F
437 562 767 629 atidicosque
803 563 986 630 legens
1023 574 1172 615 vates
1210 565 1476 617 examinat
1511 584 1698 619 omnes

389 651 621 717 Pervigil
659 651 908 703 historias
944 663 998 704 et
1010 653 1166 711 xcaeli
1203 654 1408 720 cogitat
1445 655 1620 721 ignes.

699 742 990 808 (Beneficia
1036 743 1238 794 Christi
1271 760 1435 809 usque
1472 746 1547 794 ad
1573 747 1983 813 Ascensz‘onem).

540 830 660 895 Ipse
699 830 866 895 igitur
902 830 1055 881 divos
1093 831 1336 897 linquens
1374 842 1427 883 et
1465 832 1626 884 limen
1664 835 1900 901 Olympi,

381 918 783 984 Aetheraesque
821 919 1012 970 domos
1053 920 1200 970 Deus
1239 921 1308 971 ad
1347 922 1591 972 mortalia
1628 940 1809 988 regna,

382 1007 755 1073 Terrenosque
791 1008 945 1069 lareS,
985 1008 1164 1059 medio
1202 1009 1330 1060 dum
1371 1009 1564 1076 frigida
1601 1029 1758 1062 cursu

381 1095 688 1161 Suspiceret
725 1113 972 1147 cancrum
1011 1114 1118 1147 nox
1156 1097 1404 1149 inclinata
1440 1099 1541 1149 sub
1579 1117 1756 1151 ursam

380 1184 542 1234 Venit
578 1194 631 1234 et
669 1195 951 1250 angustam
990 1186 1159 1236 tenuit
1196 1187 1472 1253 praesepia
1509 1188 1708 1240 sedem.

381 1273 535 1323 Tunc
572 1273 791 1323 hiberna
828 1274 953 1340 gelu
993 1275 1276 1340 torpebant
1312 1293 1440 1327 arva
1477 1294 1664 1328 sereno

381 1363 452 1412 Et
491 1363 751 1413 matutino
789 1363 1042 1414 siccatum
1081 1364 1279 1430 frigore
1315 1383 1552 1431 gramen,

381 1451 694 1502 Perdiderat
731 1469 952 1502 vernum
992 1452 1223 1504 demissa
1260 1454 1432 1505 fronte
1470 1456 1731 1507 colorem:

380 1539 643 1606 Pigraque
681 1540 951 1592 nocturnis
988 1541 1237 1592 albebant
1274 1560 1396 1593 rura
1435 1544 1653 1608 pruinis,

377 1630 530 1678 Tunc
570 1629 880 1694 RhodopeS,
922 1630 1185 1696 Aemique
1223 1630 1370 1682 nives
1409 1631 1535 1698 iuga
1572 1650 1781 1684 summa
1818 1635 2064 1686 levabant

372 1718 552 1768 Altius
590 1728 643 1768 et
680 1718 836 1768 niveo
875 1719 1166 1784 surgebant
1203 1737 1403 1785 aggere
1441 1731 1663 1782 montes,

379 1807 644 1873 Nudaque
683 1823 924 1857 ramosae
963 1808 1252 1859 tendebant
1288 1809 1503 1860 brachia
1540 1827 1780 1883 quercus,

374 1896 446 1945 Et
485 1896 662 1960 sylvas
700 1895 900 1961 Aquilo
938 1896 1094 1947 viridi
1133 1897 1388 1961 spoliarat
1424 1897 1642 1949 honore.

376 1984 626 2034 Praevius
667 1985 782 2034 an
820 1994 1031 2035 sanctos
1069 2003 1101 2035 a
1141 1985 1356 2036 Perside
1394 2003 1549 2052 reges

375 2073 521 2138 Ignis
565 2083 618 2123 et
655 2065 880 2124 insolitis
917 2073 1130 2124 radians
1168 2074 1540 2139 splendoribus
1578 2076 1752 2137 ardor,

373 2162 522 2212 Misit
559 2162 629 2212 ad
667 2161 879 2212 infantis
917 2179 1081 2227 parva
1119 2163 1436 2213 incunabula
1476 2164 1690 2216 Christi.

377 2254 498 2317 Ipse
537 2253 637 2302 sub
675 2253 904 2302 humana
945 2252 1146 2303 velatus
1185 2252 1417 2319 imagine
1456 2255 1639 2305 mundi

369 2341 648 2401 Conditor,
690 2351 749 2391 ut
786 2340 963 2406 tetigit
1001 2351 1208 2392 matura
1245 2342 1485 2393 virilibus
1523 2343 1672 2394 annis

368 2431 654 2496 Tempora,
696 2430 958 2480 nascentis
997 2430 1191 2481 iaciens
1230 2430 1523 2496 primordia
1561 2432 1736 2492 saecli,

367 2520 513 2568 Ante
556 2517 897 2584 quaterdenis
935 2518 1128 2568 ieiunia
1166 2519 1328 2585 longa
1366 2519 1556 2571 diebus

371 2607 597 2658 Pertulit
635 2617 688 2657 et
726 2624 877 2658 sacro
915 2624 1039 2658 mox
1079 2595 1334 2659 irroratus
1371 2609 1440 2669 ab
1478 2626 1633 2660 amne

364 2695 605 2746 Abstulit
643 2712 879 2745 errorum
921 2696 1179 2756 tenebraS,
1221 2696 1498 2762 noctisque
1535 2697 1829 2762 profundae

370 2784 581 2845 Nubila,
622 2785 1049 2851 longaevumque
1088 2785 1250 2836 chaos
1288 2785 1458 2836 finivit
1495 2786 1563 2836 ab
1601 2786 1710 2837 alto

365 2873 620 2939 Undique
659 2872 960 2923 diffundens
997 2873 1195 2923 illatam
1223 2873 1437 2924 cardine
1474 2873 1674 2925 lucem:

366 2961 626 3012 Extinctis
665 2961 832 3011 oculis
870 2961 1053 3022 aciem,
1095 2962 1380 3027 lumenque
1417 2973 1752 3029 peremptum

364 3049 686 3104 RestituenS.
728 3066 864 3114 opus
902 3049 1163 3115 ignotum,
1203 3050 1504 3117 nostrisque
1542 3061 1794 3117 negatum

362 3138 599 3198 Viribus,
641 3138 813 3188 aerios
852 3148 1067 3199 tractuS,
1107 3140 1381 3204 solemque
1419 3140 1587 3190 videri

364 3226 513 3276 Fecit
552 3236 605 3276 et
645 3226 907 3276 insuetum
948 3236 1134 3287 terrae,
1174 3227 1413 3293 caelique
1450 3228 1715 3278 decorem.

360 3315 515 3366 Sicca
553 3332 649 3379 per
686 3331 980 3380 aequoreos
1019 3315 1132 3365 fixit
1170 3316 1396 3381 vestigia
1435 3317 1651 3367 fluctus:

361 3403 643 3455 Admirata
681 3420 877 3454 novum
918 3405 1168 3455 credebat
1204 3405 1403 3455 Ariona
1445 3405 1646 3470 Thetys

359 3493 498 3543 Cum
538 3493 757 3558 cythara
795 3510 985 3544 curvos
1025 3493 1161 3543 inter
1199 3493 1477 3559 delphinas
1514 3504 1743 3555 euntem,

361 3583 490 3631 Mox
530 3581 618 3631 ubi
657 3580 709 3631 vi
749 3581 964 3646 propria
1004 3591 1148 3633 tutos
1187 3582 1510 3648 suspendere
1547 3599 1750 3648 passus,

359 3670 510 3720 Vidit
549 3678 603 3720 et
641 3670 883 3720 humanis
923 3670 1152 3735 liquidas
1192 3671 1289 3722 iter
1327 3688 1443 3722 esse
1480 3688 1576 3736 per
1614 3671 1781 3721 undas
