<?xml version="1.0" encoding="UTF-8"?>
<!DOCTYPE html PUBLIC "-//W3C//DTD XHTML 1.0 Transitional//EN"
    "http://www.w3.org/TR/xhtml1/DTD/xhtml1-transitional.dtd">
<html xmlns="http://www.w3.org/1999/xhtml" xml:lang="en" lang="en">
 <head>
  <title>
</title>
<meta http-equiv="Content-Type" content="text/html;charset=utf-8" />
  <meta name='ocr-system' content='tesseract 3.04.00' />
  <meta name='ocr-capabilities' content='ocr_page ocr_carea ocr_par ocr_line ocrx_word'/>
</head>
<body>
  <div class='ocr_page' id='page_1' title='image "./libritresdecalam00spaguoft/libritresdecalam00spaguoft_0021.png"; bbox 0 0 2508 3978; ppageno 0'>
   <div class='ocr_carea' id='block_1_1' title="bbox 1088 107 1321 146">
    <p class='ocr_par' dir='ltr' id='par_1_1' title="bbox 1088 107 1321 146">
     <span class='ocr_line' id='line_1_1' title="bbox 1088 107 1321 146; baseline 0 -20"><span class='ocrx_word' id='word_1_1' title='bbox 1088 107 1321 146; x_wconf 67' lang='lat'>-15-</span> 
     </span>
    </p>
   </div>
   <div class='ocr_carea' id='block_1_2' title="bbox 174 213 2230 1253">
    <p class='ocr_par' dir='ltr' id='par_1_2' title="bbox 174 213 2228 545">
     <span class='ocr_line' id='line_1_2' title="bbox 324 213 2228 279; baseline -0.001 -14"><span class='ocrx_word' id='word_1_2' title='bbox 324 216 639 266; x_wconf 79' lang='lat' dir='ltr'><em>Bibliotheca</em></span> <span class='ocrx_word' id='word_1_3' title='bbox 674 215 1027 264; x_wconf 79' lang='lat' dir='ltr'>Carmelitana</span> <span class='ocrx_word' id='word_1_4' title='bbox 1065 214 1386 264; x_wconf 86' lang='lat' dir='ltr'>mentionem</span> <span class='ocrx_word' id='word_1_5' title='bbox 1426 213 1551 264; x_wconf 84' lang='lat' dir='ltr'>facit</span> <span class='ocrx_word' id='word_1_6' title='bbox 1575 214 1643 264; x_wconf 92' lang='lat' dir='ltr'>de</span> <span class='ocrx_word' id='word_1_7' title='bbox 1671 214 1741 264; x_wconf 90' lang='lat'>70</span> <span class='ocrx_word' id='word_1_8' title='bbox 1769 214 2035 279; x_wconf 86' lang='lat' dir='ltr'>Operibus</span> <span class='ocrx_word' id='word_1_9' title='bbox 2076 214 2228 264; x_wconf 88' lang='lat' dir='ltr'>Man—</span> 
     </span>
     <span class='ocr_line' id='line_1_3' title="bbox 174 301 2228 369; baseline -0.002 -14"><span class='ocrx_word' id='word_1_10' title='bbox 174 304 334 365; x_wconf 90' lang='lat' dir='ltr'>tuani,</span> <span class='ocrx_word' id='word_1_11' title='bbox 373 321 598 369; x_wconf 89' lang='lat' dir='ltr'>quorum</span> <span class='ocrx_word' id='word_1_12' title='bbox 638 302 708 353; x_wconf 88' lang='grc'>57</span> <span class='ocrx_word' id='word_1_13' title='bbox 748 303 919 353; x_wconf 88' lang='lat' dir='ltr'>lucem</span> <span class='ocrx_word' id='word_1_14' title='bbox 971 302 1232 353; x_wconf 89' lang='lat' dir='ltr'>viderunt.</span> <span class='ocrx_word' id='word_1_15' title='bbox 1275 303 1335 352; x_wconf 93' lang='lat' dir='ltr'>In</span> <span class='ocrx_word' id='word_1_16' title='bbox 1374 302 1542 353; x_wconf 90' lang='lat' dir='ltr'>tribus</span> <span class='ocrx_word' id='word_1_17' title='bbox 1592 302 1857 368; x_wconf 86' lang='lat' dir='ltr'>prioribus</span> <span class='ocrx_word' id='word_1_18' title='bbox 1913 301 2073 352; x_wconf 88' lang='lat' dir='ltr'>tomis</span> <span class='ocrx_word' id='word_1_19' title='bbox 2112 301 2228 351; x_wconf 88' lang='lat' dir='ltr'>eius</span> 
     </span>
     <span class='ocr_line' id='line_1_4' title="bbox 177 390 2225 459; baseline -0.002 -15"><span class='ocrx_word' id='word_1_20' title='bbox 177 394 414 459; x_wconf 88' lang='lat' dir='ltr'>Operum</span> <span class='ocrx_word' id='word_1_21' title='bbox 451 392 540 446; x_wconf 90' lang='lat' dir='ltr'>ed.</span> <span class='ocrx_word' id='word_1_22' title='bbox 584 391 724 443; x_wconf 83' lang='lat'>1576</span> <span class='ocrx_word' id='word_1_23' title='bbox 762 393 882 458; x_wconf 90' lang='lat' dir='ltr'>plus</span> <span class='ocrx_word' id='word_1_24' title='bbox 919 409 1078 457; x_wconf 89' lang='lat' dir='ltr'>quam</span> <span class='ocrx_word' id='word_1_25' title='bbox 1118 391 1505 458; x_wconf 88' lang='lat' dir='ltr'>quinquaginta</span> <span class='ocrx_word' id='word_1_26' title='bbox 1529 391 1763 458; x_wconf 89' lang='lat' dir='ltr'>quinque</span> <span class='ocrx_word' id='word_1_27' title='bbox 1788 390 1952 440; x_wconf 88' lang='lat' dir='ltr'>millia</span> <span class='ocrx_word' id='word_1_28' title='bbox 1977 407 2225 440; x_wconf 87' lang='lat' dir='ltr'>versuum</span> 
     </span>
     <span class='ocr_line' id='line_1_5' title="bbox 175 464 1949 545; baseline -0.002 -13"><span class='ocrx_word' id='word_1_29' title='bbox 175 481 508 532; x_wconf 88' lang='lat' dir='ltr'>continentur</span> <span class='ocrx_word' id='word_1_30' title='bbox 534 481 627 545; x_wconf 86' lang='lat'>(¹).</span> <span class='ocrx_word' id='word_1_31' title='bbox 668 481 789 531; x_wconf 92' lang='lat' dir='ltr'>Hoc</span> <span class='ocrx_word' id='word_1_32' title='bbox 814 479 955 530; x_wconf 82' lang='lat' dir='ltr'>satis</span> <span class='ocrx_word' id='word_1_33' title='bbox 993 478 1221 544; x_wconf 87' lang='lat' dir='ltr'>explicat</span> <span class='ocrx_word' id='word_1_34' title='bbox 1257 479 1518 530; x_wconf 84' lang='lat' dir='ltr'>desectus!</span> <span class='ocrx_word' id='word_1_35' title='bbox 1946 464 1949 466; x_wconf 66' lang='lat'>,</span> 
     </span>
    </p>

    <p class='ocr_par' dir='ltr' id='par_1_3' title="bbox 174 568 2230 1253">
     <span class='ocr_line' id='line_1_6' title="bbox 323 568 2230 635; baseline -0.002 -14"><span class='ocrx_word' id='word_1_36' title='bbox 323 570 468 622; x_wconf 84' lang='lat' dir='ltr'>Inter</span> <span class='ocrx_word' id='word_1_37' title='bbox 505 568 877 635; x_wconf 85' lang='lat' dir='ltr'>principaliora</span> <span class='ocrx_word' id='word_1_38' title='bbox 915 585 1080 633; x_wconf 87' lang='lat' dir='ltr'>opera</span> <span class='ocrx_word' id='word_1_39' title='bbox 1117 578 1461 620; x_wconf 85' lang='lat' dir='ltr'>numerantur</span> <span class='ocrx_word' id='word_1_40' title='bbox 1499 568 1646 620; x_wconf 90' lang='lat' dir='ltr'>Libri</span> <span class='ocrx_word' id='word_1_41' title='bbox 1682 579 1789 619; x_wconf 88' lang='lat' dir='ltr'>tres</span> <span class='ocrx_word' id='word_1_42' title='bbox 1815 569 1902 620; x_wconf 83' lang='lat' dir='ltr'>De</span> <span class='ocrx_word' id='word_1_43' title='bbox 1949 570 2230 618; x_wconf 83' lang='lat' dir='ltr'>Calamita-</span> 
     </span>
     <span class='ocr_line' id='line_1_7' title="bbox 174 653 2227 728; baseline -0 -21"><span class='ocrx_word' id='word_1_44' title='bbox 174 659 309 709; x_wconf 84' lang='lat' dir='ltr'>tibus</span> <span class='ocrx_word' id='word_1_45' title='bbox 341 659 652 722; x_wconf 79' lang='lat' dir='ltr'>Temporum</span> <span class='ocrx_word' id='word_1_46' title='bbox 672 656 914 721; x_wconf 86' lang='lat' dir='ltr'>impressi</span> <span class='ocrx_word' id='word_1_47' title='bbox 939 659 1122 707; x_wconf 82' lang='lat' dir='ltr'>saltem</span> <span class='ocrx_word' id='word_1_48' title='bbox 1144 653 1603 728; x_wconf 44' lang='lat' dir='ltr'>BO¹¹⁰E³32L4392</span> <span class='ocrx_word' id='word_1_49' title='bbox 1632 656 1866 706; x_wconf 88' lang='lat' dir='ltr'>Venetiis</span> <span class='ocrx_word' id='word_1_50' title='bbox 1900 655 2056 716; x_wconf 83' lang='lat'>1499,</span> <span class='ocrx_word' id='word_1_51' title='bbox 2088 657 2227 706; x_wconf 89' lang='lat' dir='ltr'>Pari·</span> 
     </span>
     <span class='ocr_line' id='line_1_8' title="bbox 174 726 2227 810; baseline -0.001 -14"><span class='ocrx_word' id='word_1_52' title='bbox 174 746 265 797; x_wconf 90' lang='lat' dir='ltr'>siis</span> <span class='ocrx_word' id='word_1_53' title='bbox 289 744 447 806; x_wconf 75' lang='lat'><strong>1499,</strong></span> <span class='ocrx_word' id='word_1_54' title='bbox 469 744 608 796; x_wconf 86' lang='lat'>1506</span> <span class='ocrx_word' id='word_1_55' title='bbox 634 755 690 795; x_wconf 90' lang='lat' dir='ltr'>et</span> <span class='ocrx_word' id='word_1_56' title='bbox 722 743 860 795; x_wconf 84' lang='lat'>1513</span> <span class='ocrx_word' id='word_1_57' title='bbox 887 761 1007 795; x_wconf 92' lang='lat' dir='ltr'>cum</span> <span class='ocrx_word' id='word_1_58' title='bbox 1036 726 1431 796; x_wconf 56' lang='lat' dir='ltr'>Commentario</span> <span class='ocrx_word' id='word_1_59' title='bbox 1451 745 1630 810; x_wconf 89' lang='lat' dir='ltr'>amplo</span> <span class='ocrx_word' id='word_1_60' title='bbox 1656 745 1840 795; x_wconf 92' lang='lat' dir='ltr'>Iudoci</span> <span class='ocrx_word' id='word_1_61' title='bbox 1863 745 2012 795; x_wconf 89' lang='lat' dir='ltr'>Badii</span> <span class='ocrx_word' id='word_1_62' title='bbox 2034 747 2227 795; x_wconf 88' lang='lat' dir='ltr'>Ascen-</span> 
     </span>
     <span class='ocr_line' id='line_1_9' title="bbox 174 830 2227 897; baseline -0.001 -13"><span class='ocrx_word' id='word_1_63' title='bbox 174 835 236 885; x_wconf 89' lang='lat' dir='ltr'>sii</span> <span class='ocrx_word' id='word_1_64' title='bbox 275 844 392 893; x_wconf 90' lang='lat' dir='ltr'>etc.,</span> <span class='ocrx_word' id='word_1_65' title='bbox 422 832 744 884; x_wconf 90' lang='lat' dir='ltr'>Daventriae</span> <span class='ocrx_word' id='word_1_66' title='bbox 770 833 823 882; x_wconf 90' lang='lat' dir='ltr'>in</span> <span class='ocrx_word' id='word_1_67' title='bbox 857 832 1146 883; x_wconf 85' lang='lat' dir='ltr'>Hollandia</span> <span class='ocrx_word' id='word_1_68' title='bbox 1191 830 1348 893; x_wconf 82' lang='lat'>1492,</span> <span class='ocrx_word' id='word_1_69' title='bbox 1389 832 1659 883; x_wconf 86' lang='lat' dir='ltr'>Bononiae</span> <span class='ocrx_word' id='word_1_70' title='bbox 1705 831 1860 892; x_wconf 88' lang='grc'>1502,</span> <span class='ocrx_word' id='word_1_71' title='bbox 1901 833 2227 897; x_wconf 87' lang='lat' dir='ltr'>Antverpiae</span> 
     </span>
     <span class='ocr_line' id='line_1_10' title="bbox 181 919 2230 987; baseline 0 -17"><span class='ocrx_word' id='word_1_72' title='bbox 181 921 336 971; x_wconf 82' lang='lat'><strong>1576.</strong></span> <span class='ocrx_word' id='word_1_73' title='bbox 367 923 646 972; x_wconf 89' lang='lat' dir='ltr'>Praeterea</span> <span class='ocrx_word' id='word_1_74' title='bbox 670 932 874 987; x_wconf 86' lang='lat' dir='ltr'>septem</span> <span class='ocrx_word' id='word_1_75' title='bbox 904 921 1247 972; x_wconf 89' lang='lat' dir='ltr'>Parthenicae</span> <span class='ocrx_word' id='word_1_76' title='bbox 1271 921 1384 973; x_wconf 88' lang='lat' dir='ltr'>scil.</span> <span class='ocrx_word' id='word_1_77' title='bbox 1420 920 1471 970; x_wconf 90' lang='grc'>10</span> <span class='ocrx_word' id='word_1_78' title='bbox 1501 921 1786 980; x_wconf 85' lang='lat' dir='ltr'>Marianae,</span> <span class='ocrx_word' id='word_1_79' title='bbox 1815 919 1873 970; x_wconf 82' lang='lat'>2⁰</span> <span class='ocrx_word' id='word_1_80' title='bbox 1904 922 1961 971; x_wconf 85' lang='lat' dir='ltr'>B.</span> <span class='ocrx_word' id='word_1_81' title='bbox 1989 920 2230 971; x_wconf 84' lang='lat' dir='ltr'>Cathari-</span> 
     </span>
     <span class='ocr_line' id='line_1_11' title="bbox 174 1009 2230 1076; baseline -0 -16"><span class='ocrx_word' id='word_1_82' title='bbox 174 1028 271 1061; x_wconf 90' lang='lat' dir='ltr'>nae</span> <span class='ocrx_word' id='word_1_83' title='bbox 298 1028 454 1076; x_wconf 85' lang='lat' dir='ltr'>agon,</span> <span class='ocrx_word' id='word_1_84' title='bbox 497 1009 554 1059; x_wconf 86' lang='grc'>30</span> <span class='ocrx_word' id='word_1_85' title='bbox 597 1011 655 1060; x_wconf 90' lang='grc' dir='ltr'>Β.</span> <span class='ocrx_word' id='word_1_86' title='bbox 697 1011 1019 1076; x_wconf 79' lang='lat' dir='ltr'>Margaritae</span> <span class='ocrx_word' id='word_1_87' title='bbox 1045 1027 1203 1075; x_wconf 88' lang='lat' dir='ltr'>agon,</span> <span class='ocrx_word' id='word_1_88' title='bbox 1233 1009 1291 1059; x_wconf 77' lang='lat'>4⁰</span> <span class='ocrx_word' id='word_1_89' title='bbox 1321 1010 1653 1075; x_wconf 37' lang='lat' dir='ltr'>BsAgathae</span> <span class='ocrx_word' id='word_1_90' title='bbox 1678 1026 1837 1075; x_wconf 85' lang='lat' dir='ltr'>agon,</span> <span class='ocrx_word' id='word_1_91' title='bbox 1859 1010 1917 1060; x_wconf 83' lang='lat'>5⁰</span> <span class='ocrx_word' id='word_1_92' title='bbox 1943 1011 1999 1059; x_wconf 91' lang='lat' dir='ltr'>B.</span> <span class='ocrx_word' id='word_1_93' title='bbox 2031 1010 2230 1060; x_wconf 87' lang='lat' dir='ltr'>Luciae</span> 
     </span>
     <span class='ocr_line' id='line_1_12' title="bbox 175 1098 2226 1164; baseline -0 -15"><span class='ocrx_word' id='word_1_94' title='bbox 175 1116 332 1164; x_wconf 88' lang='lat' dir='ltr'>agon,</span> <span class='ocrx_word' id='word_1_95' title='bbox 354 1099 411 1149; x_wconf 87' lang='lat'>6⁰</span> <span class='ocrx_word' id='word_1_96' title='bbox 436 1100 492 1150; x_wconf 91' lang='lat' dir='ltr'>B.</span> <span class='ocrx_word' id='word_1_97' title='bbox 514 1099 834 1164; x_wconf 88' lang='lat' dir='ltr'>Apolloniae</span> <span class='ocrx_word' id='word_1_98' title='bbox 852 1116 1011 1164; x_wconf 87' lang='lat' dir='ltr'>agon,</span> <span class='ocrx_word' id='word_1_99' title='bbox 1035 1098 1092 1147; x_wconf 84' lang='lat'>7⁰</span> <span class='ocrx_word' id='word_1_100' title='bbox 1114 1099 1174 1152; x_wconf 91' lang='lat' dir='ltr'>B.</span> <span class='ocrx_word' id='word_1_101' title='bbox 1197 1098 1458 1149; x_wconf 88' lang='lat' dir='ltr'>Caeciliae</span> <span class='ocrx_word' id='word_1_102' title='bbox 1477 1114 1637 1164; x_wconf 87' lang='lat' dir='ltr'>agon.</span> <span class='ocrx_word' id='word_1_103' title='bbox 1660 1128 1728 1136; x_wconf 89' lang='lat'>—</span> <span class='ocrx_word' id='word_1_104' title='bbox 1749 1098 1857 1149; x_wconf 87' lang='lat' dir='ltr'>Alii</span> <span class='ocrx_word' id='word_1_105' title='bbox 1896 1100 1948 1149; x_wconf 86' lang='lat' dir='ltr'><em>T</em></span> <span class='ocrx_word' id='word_1_106' title='bbox 1940 1101 2226 1162; x_wconf 66' lang='lat' dir='ltr'>raphaelem</span> 
     </span>
     <span class='ocr_line' id='line_1_13' title="bbox 176 1186 2226 1253; baseline -0 -15"><span class='ocrx_word' id='word_1_107' title='bbox 176 1190 452 1238; x_wconf 66' lang='lat' dir='ltr'>Franci-sci</span> <span class='ocrx_word' id='word_1_108' title='bbox 494 1189 776 1252; x_wconf 72' lang='lat' dir='ltr'>Gonzagae</span> <span class='ocrx_word' id='word_1_109' title='bbox 801 1189 878 1253; x_wconf 88' lang='lat'>(²)</span> <span class='ocrx_word' id='word_1_110' title='bbox 916 1198 975 1238; x_wconf 91' lang='lat' dir='ltr'>ut</span> <span class='ocrx_word' id='word_1_111' title='bbox 1013 1186 1522 1252; x_wconf 88' lang='lat' dir='ltr'>praestantissimum</span> <span class='ocrx_word' id='word_1_112' title='bbox 1567 1187 1680 1237; x_wconf 90' lang='lat' dir='ltr'>eius</span> <span class='ocrx_word' id='word_1_113' title='bbox 1723 1195 1915 1252; x_wconf 70' lang='lat' dir='ltr'>poema</span> <span class='ocrx_word' id='word_1_114' title='bbox 1959 1187 2226 1247; x_wconf 82' lang='lat' dir='ltr'>exhibent,</span> 
     </span>
    </p>
   </div>
   <div class='ocr_carea' id='block_1_3' title="bbox 246 1323 379 1328">
    <p class='ocr_par' dir='ltr' id='par_1_4' title="bbox 246 1323 379 1328">
     <span class='ocr_line' id='line_1_14' title="bbox 246 1323 379 1328; baseline 0 0"><span class='ocrx_word' id='word_1_115' title='bbox 246 1323 379 1328; x_wconf 95' lang='lat' dir='ltr'> </span> 
     </span>
    </p>
   </div>
   <div class='ocr_carea' id='block_1_4' title="bbox 166 1394 2232 3746">
    <p class='ocr_par' dir='ltr' id='par_1_5' title="bbox 167 1394 2232 1959">
     <span class='ocr_line' id='line_1_15' title="bbox 178 1394 2230 1451; baseline -0 -12"><span class='ocrx_word' id='word_1_116' title='bbox 178 1396 250 1439; x_wconf 79' lang='lat' dir='ltr'>Cf.</span> <span class='ocrx_word' id='word_1_117' title='bbox 286 1395 456 1439; x_wconf 79' lang='lat' dir='ltr'>Pastor</span> <span class='ocrx_word' id='word_1_118' title='bbox 484 1395 640 1439; x_wconf 79' lang='lat' dir='ltr'>Storia</span> <span class='ocrx_word' id='word_1_119' title='bbox 668 1395 715 1438; x_wconf 84' lang='lat' dir='ltr'>d.</span> <span class='ocrx_word' id='word_1_120' title='bbox 748 1394 882 1451; x_wconf 81' lang='lat' dir='ltr'>Papi,</span> <span class='ocrx_word' id='word_1_121' title='bbox 910 1395 990 1446; x_wconf 90' lang='lat' dir='ltr'>1V,</span> <span class='ocrx_word' id='word_1_122' title='bbox 1014 1394 1095 1438; x_wconf 84' lang='lat' dir='ltr'>ubi</span> <span class='ocrx_word' id='word_1_123' title='bbox 1117 1407 1231 1438; x_wconf 85' lang='lat' dir='ltr'>eum</span> <span class='ocrx_word' id='word_1_124' title='bbox 1252 1395 1501 1438; x_wconf 86' lang='lat' dir='ltr'>nominat:</span> <span class='ocrx_word' id='word_1_125' title='bbox 1534 1408 1628 1437; x_wconf 82' lang='lat' dir='ltr'>una</span> <span class='ocrx_word' id='word_1_126' title='bbox 1645 1394 1810 1450; x_wconf 79' lang='lat' dir='ltr'>figura</span> <span class='ocrx_word' id='word_1_127' title='bbox 1829 1395 1969 1438; x_wconf 82' lang='lat' dir='ltr'>molto</span> <span class='ocrx_word' id='word_1_128' title='bbox 1997 1394 2145 1450; x_wconf 84' lang='lat' dir='ltr'>degna</span> <span class='ocrx_word' id='word_1_129' title='bbox 2173 1394 2230 1438; x_wconf 78' lang='lat' dir='ltr'>di</span> 
     </span>
     <span class='ocr_line' id='line_1_16' title="bbox 174 1468 2225 1527; baseline -0.001 -13"><span class='ocrx_word' id='word_1_130' title='bbox 174 1473 294 1516; x_wconf 79' lang='lat' dir='ltr'>nota.</span> <span class='ocrx_word' id='word_1_131' title='bbox 327 1470 381 1513; x_wconf 88' lang='lat' dir='ltr'>In</span> <span class='ocrx_word' id='word_1_132' title='bbox 400 1469 726 1526; x_wconf 79' lang='lat' dir='ltr'>Apologeticon</span> <span class='ocrx_word' id='word_1_133' title='bbox 747 1469 800 1527; x_wconf 90' lang='lat' dir='ltr'>(t.</span> <span class='ocrx_word' id='word_1_134' title='bbox 827 1470 866 1521; x_wconf 93' lang='lat'>1,</span> <span class='ocrx_word' id='word_1_135' title='bbox 889 1469 968 1512; x_wconf 89' lang='lat' dir='ltr'>ed.</span> <span class='ocrx_word' id='word_1_136' title='bbox 1000 1470 1133 1525; x_wconf 84' lang='grc'>1576)</span> <span class='ocrx_word' id='word_1_137' title='bbox 1161 1469 1266 1523; x_wconf 89' lang='lat' dir='ltr'>ipse</span> <span class='ocrx_word' id='word_1_138' title='bbox 1290 1469 1439 1513; x_wconf 76' lang='lat' dir='ltr'>Poeta</span> <span class='ocrx_word' id='word_1_139' title='bbox 1459 1468 1678 1512; x_wconf 78' lang='lat' dir='ltr'>defendit</span> <span class='ocrx_word' id='word_1_140' title='bbox 1697 1481 1837 1512; x_wconf 88' lang='lat' dir='ltr'>usum</span> <span class='ocrx_word' id='word_1_141' title='bbox 1862 1468 2195 1523; x_wconf 84' lang='lat' dir='ltr'>Mythologiae</span> <span class='ocrx_word' id='word_1_142' title='bbox 2211 1483 2225 1512; x_wconf 77' lang='grc' dir='ltr'><em>τ</em></span> 
     </span>
     <span class='ocr_line' id='line_1_17' title="bbox 175 1542 2232 1600; baseline -0.001 -12"><span class='ocrx_word' id='word_1_143' title='bbox 175 1544 469 1600; x_wconf 82' lang='lat' dir='ltr'>antiquiores</span> <span class='ocrx_word' id='word_1_144' title='bbox 498 1544 696 1598; x_wconf 89' lang='lat' dir='ltr'>quidem</span> <span class='ocrx_word' id='word_1_145' title='bbox 728 1548 903 1599; x_wconf 74' lang='lat' dir='ltr'>poetae</span> <span class='ocrx_word' id='word_1_146' title='bbox 926 1542 1181 1587; x_wconf 84' lang='lat' dir='ltr'>Christiani</span> <span class='ocrx_word' id='word_1_147' title='bbox 1214 1542 1355 1587; x_wconf 86' lang='lat' dir='ltr'>huius</span> <span class='ocrx_word' id='word_1_148' title='bbox 1376 1556 1516 1587; x_wconf 87' lang='lat' dir='ltr'>usum</span> <span class='ocrx_word' id='word_1_149' title='bbox 1536 1543 1819 1594; x_wconf 88' lang='lat' dir='ltr'>omiserunt,</span> <span class='ocrx_word' id='word_1_150' title='bbox 1842 1544 1930 1586; x_wconf 89' lang='lat' dir='ltr'>sed</span> <span class='ocrx_word' id='word_1_151' title='bbox 1952 1550 2064 1597; x_wconf 89' lang='lat' dir='ltr'>post</span> <span class='ocrx_word' id='word_1_152' title='bbox 2084 1556 2232 1586; x_wconf 84' lang='lat' dir='ltr'>verae</span> 
     </span>
     <span class='ocr_line' id='line_1_18' title="bbox 176 1616 2228 1671; baseline 0 -10"><span class='ocrx_word' id='word_1_153' title='bbox 176 1618 287 1662; x_wconf 88' lang='lat' dir='ltr'>fidei</span> <span class='ocrx_word' id='word_1_154' title='bbox 317 1617 565 1661; x_wconf 87' lang='lat' dir='ltr'>victoriam</span> <span class='ocrx_word' id='word_1_155' title='bbox 598 1624 648 1660; x_wconf 88' lang='lat' dir='ltr'>et</span> <span class='ocrx_word' id='word_1_156' title='bbox 678 1618 974 1661; x_wconf 88' lang='lat' dir='ltr'>daemonum</span> <span class='ocrx_word' id='word_1_157' title='bbox 1010 1617 1188 1671; x_wconf 77' lang='lat' dir='ltr'>fugam,</span> <span class='ocrx_word' id='word_1_158' title='bbox 1218 1628 1279 1660; x_wconf 91' lang='lat' dir='ltr'>ea</span> <span class='ocrx_word' id='word_1_159' title='bbox 1306 1616 1411 1659; x_wconf 88' lang='lat' dir='ltr'>sine</span> <span class='ocrx_word' id='word_1_160' title='bbox 1442 1616 1657 1671; x_wconf 89' lang='lat' dir='ltr'>periculo</span> <span class='ocrx_word' id='word_1_161' title='bbox 1687 1616 1755 1659; x_wconf 92' lang='lat' dir='ltr'>uti</span> <span class='ocrx_word' id='word_1_162' title='bbox 1785 1629 2043 1670; x_wconf 86' lang='lat' dir='ltr'>possumus</span> <span class='ocrx_word' id='word_1_163' title='bbox 2074 1622 2126 1660; x_wconf 88' lang='lat' dir='ltr'>et</span> <span class='ocrx_word' id='word_1_164' title='bbox 2155 1618 2228 1661; x_wconf 85' lang='lat' dir='ltr'>sic</span> 
     </span>
     <span class='ocr_line' id='line_1_19' title="bbox 176 1689 2226 1747; baseline -0.001 -11"><span class='ocrx_word' id='word_1_165' title='bbox 176 1705 396 1747; x_wconf 84' lang='lat' dir='ltr'>paganae</span> <span class='ocrx_word' id='word_1_166' title='bbox 439 1692 554 1736; x_wconf 92' lang='lat' dir='ltr'>artis</span> <span class='ocrx_word' id='word_1_167' title='bbox 599 1697 884 1736; x_wconf 83' lang='lat' dir='ltr'>ornamenta</span> <span class='ocrx_word' id='word_1_168' title='bbox 929 1697 982 1734; x_wconf 90' lang='lat' dir='ltr'>ut</span> <span class='ocrx_word' id='word_1_169' title='bbox 1026 1690 1259 1746; x_wconf 84' lang='lat' dir='ltr'>trophaea</span> <span class='ocrx_word' id='word_1_170' title='bbox 1299 1691 1381 1733; x_wconf 88' lang='lat' dir='ltr'>uni</span> <span class='ocrx_word' id='word_1_171' title='bbox 1422 1691 1531 1734; x_wconf 90' lang='lat' dir='ltr'>Deo</span> <span class='ocrx_word' id='word_1_172' title='bbox 1561 1689 1750 1735; x_wconf 79' lang='lat' dir='ltr'>offerre.</span> <span class='ocrx_word' id='word_1_173' title='bbox 1803 1690 1876 1734; x_wconf 75' lang='lat' dir='ltr'>Cf.</span> <span class='ocrx_word' id='word_1_174' title='bbox 1908 1691 1968 1734; x_wconf 81' lang='lat' dir='ltr'>A.</span> <span class='ocrx_word' id='word_1_175' title='bbox 2004 1691 2226 1746; x_wconf 83' lang='lat' dir='ltr'>Gaspary</span> 
     </span>
     <span class='ocr_line' id='line_1_20' title="bbox 179 1760 2224 1821; baseline -0.001 -10"><span class='ocrx_word' id='word_1_176' title='bbox 179 1765 443 1811; x_wconf 75' lang='lat' dir='ltr'>Geschichte</span> <span class='ocrx_word' id='word_1_177' title='bbox 459 1765 546 1810; x_wconf 84' lang='lat' dir='ltr'>der</span> <span class='ocrx_word' id='word_1_178' title='bbox 562 1765 666 1810; x_wconf 79' lang='lat' dir='ltr'>Ital.</span> <span class='ocrx_word' id='word_1_179' title='bbox 697 1765 791 1809; x_wconf 78' lang='lat' dir='ltr'>Lit.</span> <span class='ocrx_word' id='word_1_180' title='bbox 833 1768 945 1810; x_wconf 88' lang='lat'>1888</span> <span class='ocrx_word' id='word_1_181' title='bbox 978 1765 1025 1809; x_wconf 82' lang='lat' dir='ltr'>P.</span> <span class='ocrx_word' id='word_1_182' title='bbox 1050 1764 1114 1816; x_wconf 87' lang='lat'>11,</span> <span class='ocrx_word' id='word_1_183' title='bbox 1146 1778 1196 1820; x_wconf 86' lang='lat' dir='ltr'>p.</span> <span class='ocrx_word' id='word_1_184' title='bbox 1230 1778 1336 1818; x_wconf 80' lang='grc'>401,</span> <span class='ocrx_word' id='word_1_185' title='bbox 1371 1764 1451 1808; x_wconf 88' lang='lat' dir='ltr'>ubi</span> <span class='ocrx_word' id='word_1_186' title='bbox 1482 1765 1629 1808; x_wconf 88' lang='lat' dir='ltr'>dicit:</span> <span class='ocrx_word' id='word_1_187' title='bbox 1666 1779 1690 1806; x_wconf 83' lang='lat'>‹</span> <span class='ocrx_word' id='word_1_188' title='bbox 1709 1765 1801 1808; x_wconf 84' lang='lat' dir='ltr'>Pro</span> <span class='ocrx_word' id='word_1_189' title='bbox 1834 1760 1970 1821; x_wconf 76' lang='lat' dir='ltr'>poesi</span> <span class='ocrx_word' id='word_1_190' title='bbox 2002 1765 2224 1819; x_wconf 86' lang='lat' dir='ltr'>religiosa</span> 
     </span>
     <span class='ocr_line' id='line_1_21' title="bbox 174 1839 2227 1896; baseline -0.001 -12"><span class='ocrx_word' id='word_1_191' title='bbox 174 1841 312 1896; x_wconf 85' lang='lat' dir='ltr'>epica</span> <span class='ocrx_word' id='word_1_192' title='bbox 341 1853 401 1885; x_wconf 86' lang='lat' dir='ltr'>ea</span> <span class='ocrx_word' id='word_1_193' title='bbox 435 1840 708 1884; x_wconf 87' lang='lat' dir='ltr'>necessaria</span> <span class='ocrx_word' id='word_1_194' title='bbox 737 1839 1062 1884; x_wconf 64' lang='lat' dir='ltr'>videbatur...&gt;</span> <span class='ocrx_word' id='word_1_195' title='bbox 1094 1840 1405 1883; x_wconf 86' lang='lat' dir='ltr'>Mantuanus·</span> <span class='ocrx_word' id='word_1_196' title='bbox 1428 1852 1537 1882; x_wconf 87' lang='lat' dir='ltr'>eam</span> <span class='ocrx_word' id='word_1_197' title='bbox 1567 1840 1818 1882; x_wconf 84' lang='lat' dir='ltr'>excessive</span> <span class='ocrx_word' id='word_1_198' title='bbox 1863 1840 2145 1894; x_wconf 87' lang='lat' dir='ltr'>praesertim</span> <span class='ocrx_word' id='word_1_199' title='bbox 2176 1840 2227 1882; x_wconf 81' lang='lat' dir='ltr'>in</span> 
     </span>
     <span class='ocr_line' id='line_1_22' title="bbox 167 1914 828 1959; baseline -0.006 0"><span class='ocrx_word' id='word_1_200' title='bbox 167 1914 472 1959; x_wconf 72' lang='lat' dir='ltr'>Parthenicis</span> <span class='ocrx_word' id='word_1_201' title='bbox 501 1914 766 1958; x_wconf 82' lang='lat' dir='ltr'>adhibebat</span> <span class='ocrx_word' id='word_1_202' title='bbox 783 1927 828 1956; x_wconf 87' lang='lat'>›.</span> 
     </span>
    </p>

    <p class='ocr_par' dir='ltr' id='par_1_6' title="bbox 173 1987 2225 2115">
     <span class='ocr_line' id='line_1_23' title="bbox 325 1987 2225 2043; baseline 0 -12"><span class='ocrx_word' id='word_1_203' title='bbox 325 1988 501 2043; x_wconf 81' lang='lat' dir='ltr'>Quoad</span> <span class='ocrx_word' id='word_1_204' title='bbox 531 1999 730 2042; x_wconf 84' lang='lat' dir='ltr'>operam</span> <span class='ocrx_word' id='word_1_205' title='bbox 763 1987 811 2030; x_wconf 91' lang='lat' dir='ltr'>in</span> <span class='ocrx_word' id='word_1_206' title='bbox 841 1987 1183 2041; x_wconf 87' lang='lat' dir='ltr'>componenda</span> <span class='ocrx_word' id='word_1_207' title='bbox 1214 1999 1351 2041; x_wconf 87' lang='lat' dir='ltr'>pace,</span> <span class='ocrx_word' id='word_1_208' title='bbox 1371 1987 1486 2031; x_wconf 85' lang='lat' dir='ltr'>nihil</span> <span class='ocrx_word' id='word_1_209' title='bbox 1516 1988 1786 2031; x_wconf 83' lang='lat' dir='ltr'>invenimus</span> <span class='ocrx_word' id='word_1_210' title='bbox 1818 1988 1905 2031; x_wconf 87' lang='lat' dir='ltr'>nisi</span> <span class='ocrx_word' id='word_1_211' title='bbox 1938 1994 2225 2043; x_wconf 84' lang='lat' dir='ltr'>sequentem</span> 
     </span>
     <span class='ocr_line' id='line_1_24' title="bbox 173 2060 1612 2115; baseline 0 -11"><span class='ocrx_word' id='word_1_212' title='bbox 173 2061 536 2105; x_wconf 85' lang='lat' dir='ltr'>annotationem</span> <span class='ocrx_word' id='word_1_213' title='bbox 566 2062 615 2104; x_wconf 92' lang='lat' dir='ltr'>in</span> <span class='ocrx_word' id='word_1_214' title='bbox 647 2060 767 2105; x_wconf 87' lang='lat' dir='ltr'>Bibl.</span> <span class='ocrx_word' id='word_1_215' title='bbox 798 2061 1032 2105; x_wconf 89' lang='lat' dir='ltr'>Vaticana</span> <span class='ocrx_word' id='word_1_216' title='bbox 1071 2060 1233 2105; x_wconf 79' lang='lat' dir='ltr'>Urbin.</span> <span class='ocrx_word' id='word_1_217' title='bbox 1275 2073 1386 2114; x_wconf 82' lang='lat'>15¹2</span> <span class='ocrx_word' id='word_1_218' title='bbox 1418 2060 1501 2105; x_wconf 80' lang='lat' dir='ltr'>sol.</span> <span class='ocrx_word' id='word_1_219' title='bbox 1539 2074 1612 2115; x_wconf 81' lang='grc'>40.</span> 
     </span>
    </p>

    <p class='ocr_par' dir='ltr' id='par_1_7' title="bbox 172 2133 2227 2411">
     <span class='ocr_line' id='line_1_25' title="bbox 321 2133 2227 2190; baseline 0.001 -13"><span class='ocrx_word' id='word_1_220' title='bbox 321 2148 348 2177; x_wconf 84' lang='lat'><strong>‹</strong></span> <span class='ocrx_word' id='word_1_221' title='bbox 371 2135 524 2178; x_wconf 84' lang='lat' dir='ltr'>Breve</span> <span class='ocrx_word' id='word_1_222' title='bbox 557 2134 734 2180; x_wconf 87' lang='lat' dir='ltr'>Leonis</span> <span class='ocrx_word' id='word_1_223' title='bbox 764 2136 828 2179; x_wconf 90' lang='lat' dir='ltr'>ad</span> <span class='ocrx_word' id='word_1_224' title='bbox 859 2133 1040 2179; x_wconf 64' lang='lat' dir='ltr'>Rssdum</span> <span class='ocrx_word' id='word_1_225' title='bbox 1072 2135 1203 2190; x_wconf 83' lang='lat' dir='ltr'>Mag.</span> <span class='ocrx_word' id='word_1_226' title='bbox 1229 2135 1495 2190; x_wconf 86' lang='lat' dir='ltr'>Baptistam</span> <span class='ocrx_word' id='word_1_227' title='bbox 1521 2135 1715 2180; x_wconf 78' lang='lat' dir='ltr'>Ordinis</span> <span class='ocrx_word' id='word_1_228' title='bbox 1737 2137 2102 2181; x_wconf 78' lang='lat' dir='ltr'>carmelitarum</span> <span class='ocrx_word' id='word_1_229' title='bbox 2128 2137 2227 2180; x_wconf 82' lang='lat' dir='ltr'>Ge·</span> 
     </span>
     <span class='ocr_line' id='line_1_26' title="bbox 172 2209 2230 2265; baseline 0.001 -13"><span class='ocrx_word' id='word_1_230' title='bbox 172 2209 385 2253; x_wconf 86' lang='lat' dir='ltr'>neralem</span> <span class='ocrx_word' id='word_1_231' title='bbox 429 2222 520 2264; x_wconf 84' lang='lat' dir='ltr'>pro</span> <span class='ocrx_word' id='word_1_232' title='bbox 564 2211 906 2264; x_wconf 84' lang='lat' dir='ltr'>componenda</span> <span class='ocrx_word' id='word_1_233' title='bbox 950 2221 1072 2264; x_wconf 84' lang='lat' dir='ltr'>pace</span> <span class='ocrx_word' id='word_1_234' title='bbox 1117 2209 1242 2253; x_wconf 88' lang='lat' dir='ltr'>inter</span> <span class='ocrx_word' id='word_1_235' title='bbox 1273 2209 1583 2254; x_wconf 83' lang='lat' dir='ltr'>Franciscum</span> <span class='ocrx_word' id='word_1_236' title='bbox 1616 2211 1909 2254; x_wconf 84' lang='lat' dir='ltr'>Francorum</span> <span class='ocrx_word' id='word_1_237' title='bbox 1945 2212 2129 2265; x_wconf 90' lang='lat' dir='ltr'>Regem</span> <span class='ocrx_word' id='word_1_238' title='bbox 2174 2218 2230 2253; x_wconf 87' lang='grc'>01</span> 
     </span>
     <span class='ocr_line' id='line_1_27' title="bbox 173 2282 2227 2364; baseline 0.001 -38"><span class='ocrx_word' id='word_1_239' title='bbox 173 2283 362 2326; x_wconf 86' lang='lat' dir='ltr'>Ducem</span> <span class='ocrx_word' id='word_1_240' title='bbox 395 2283 656 2328; x_wconf 87' lang='lat' dir='ltr'>Mediolani</span> <span class='ocrx_word' id='word_1_241' title='bbox 687 2288 836 2340; x_wconf 86' lang='lat' dir='ltr'>atque</span> <span class='ocrx_word' id='word_1_242' title='bbox 867 2283 1136 2328; x_wconf 82' lang='lat' dir='ltr'>Helvetios.</span> <span class='ocrx_word' id='word_1_243' title='bbox 1175 2282 1288 2327; x_wconf 87' lang='lat' dir='ltr'>Fuit</span> <span class='ocrx_word' id='word_1_244' title='bbox 1315 2283 1483 2327; x_wconf 89' lang='lat' dir='ltr'>datum</span> <span class='ocrx_word' id='word_1_245' title='bbox 1513 2284 1608 2327; x_wconf 89' lang='lat' dir='ltr'>sub</span> <span class='ocrx_word' id='word_1_246' title='bbox 1638 2285 1816 2328; x_wconf 86' lang='lat' dir='ltr'>annulo</span> <span class='ocrx_word' id='word_1_247' title='bbox 1857 2285 2112 2364; x_wconf 87' lang='lat' dir='ltr'>piscatoris</span> <span class='ocrx_word' id='word_1_248' title='bbox 2141 2285 2227 2328; x_wconf 83' lang='lat' dir='ltr'>die</span> 
     </span>
     <span class='ocr_line' id='line_1_28' title="bbox 178 2354 1205 2411; baseline 0.003 -11"><span class='ocrx_word' id='word_1_249' title='bbox 178 2369 230 2411; x_wconf 88' lang='lat'>13</span> <span class='ocrx_word' id='word_1_250' title='bbox 264 2354 367 2400; x_wconf 89' lang='lat' dir='ltr'>Iulii</span> <span class='ocrx_word' id='word_1_251' title='bbox 403 2369 514 2411; x_wconf 86' lang='grc'>1515</span> <span class='ocrx_word' id='word_1_252' title='bbox 549 2357 860 2403; x_wconf 87' lang='lat' dir='ltr'>Pontificatus</span> <span class='ocrx_word' id='word_1_253' title='bbox 890 2371 1020 2402; x_wconf 89' lang='lat' dir='ltr'>anno</span> <span class='ocrx_word' id='word_1_254' title='bbox 1038 2359 1205 2403; x_wconf 83' lang='lat' dir='ltr'>tertio</span> 
     </span>
    </p>

    <p class='ocr_par' dir='ltr' id='par_1_8' title="bbox 173 2430 2225 2559">
     <span class='ocr_line' id='line_1_29' title="bbox 319 2430 2225 2487; baseline 0.002 -13"><span class='ocrx_word' id='word_1_255' title='bbox 319 2430 594 2485; x_wconf 86' lang='lat' dir='ltr'>Responsio</span> <span class='ocrx_word' id='word_1_256' title='bbox 634 2432 763 2486; x_wconf 86' lang='lat' dir='ltr'>Mag.</span> <span class='ocrx_word' id='word_1_257' title='bbox 799 2431 1046 2487; x_wconf 84' lang='lat' dir='ltr'>Baptistae</span> <span class='ocrx_word' id='word_1_258' title='bbox 1090 2434 1155 2476; x_wconf 89' lang='lat' dir='ltr'>ad</span> <span class='ocrx_word' id='word_1_259' title='bbox 1201 2434 1456 2478; x_wconf 88' lang='lat' dir='ltr'>Summum</span> <span class='ocrx_word' id='word_1_260' title='bbox 1490 2432 1771 2478; x_wconf 81' lang='lat' dir='ltr'>Pontificem</span> <span class='ocrx_word' id='word_1_261' title='bbox 1821 2434 1913 2476; x_wconf 87' lang='lat' dir='ltr'>sub</span> <span class='ocrx_word' id='word_1_262' title='bbox 1944 2433 2023 2477; x_wconf 89' lang='lat' dir='ltr'>die</span> <span class='ocrx_word' id='word_1_263' title='bbox 2055 2433 2225 2477; x_wconf 82' lang='lat' dir='ltr'>ultima</span> 
     </span>
     <span class='ocr_line' id='line_1_30' title="bbox 173 2504 701 2559; baseline 0.004 -13"><span class='ocrx_word' id='word_1_264' title='bbox 173 2504 276 2548; x_wconf 84' lang='lat' dir='ltr'>Iulii</span> <span class='ocrx_word' id='word_1_265' title='bbox 314 2517 426 2559; x_wconf 89' lang='grc'>1515</span> <span class='ocrx_word' id='word_1_266' title='bbox 459 2506 701 2549; x_wconf 82' lang='lat' dir='ltr'>Mantuae.</span> 
     </span>
    </p>

    <p class='ocr_par' dir='ltr' id='par_1_9' title="bbox 171 2580 2221 2697">
     <span class='ocr_line' id='line_1_31' title="bbox 319 2580 2221 2636; baseline 0.002 -13"><span class='ocrx_word' id='word_1_267' title='bbox 319 2580 603 2624; x_wconf 86' lang='lat' dir='ltr'>Exhortatio</span> <span class='ocrx_word' id='word_1_268' title='bbox 634 2581 697 2623; x_wconf 87' lang='lat' dir='ltr'>ad</span> <span class='ocrx_word' id='word_1_269' title='bbox 729 2580 1082 2636; x_wconf 87' lang='lat' dir='ltr'>pacificandum</span> <span class='ocrx_word' id='word_1_270' title='bbox 1112 2595 1223 2626; x_wconf 86' lang='lat' dir='ltr'>cum</span> <span class='ocrx_word' id='word_1_271' title='bbox 1254 2584 1381 2626; x_wconf 88' lang='lat' dir='ltr'>duce</span> <span class='ocrx_word' id='word_1_272' title='bbox 1423 2583 1682 2627; x_wconf 78' lang='lat' dir='ltr'>Mediolani</span> <span class='ocrx_word' id='word_1_273' title='bbox 1713 2582 1805 2626; x_wconf 89' lang='lat' dir='ltr'>sub</span> <span class='ocrx_word' id='word_1_274' title='bbox 1835 2584 2010 2626; x_wconf 87' lang='lat' dir='ltr'>eadem</span> <span class='ocrx_word' id='word_1_275' title='bbox 2041 2584 2121 2627; x_wconf 91' lang='lat' dir='ltr'>die</span> <span class='ocrx_word' id='word_1_276' title='bbox 2152 2584 2221 2626; x_wconf 88' lang='lat' dir='ltr'>ul-</span> 
     </span>
     <span class='ocr_line' id='line_1_32' title="bbox 171 2654 352 2697; baseline -0.006 0"><span class='ocrx_word' id='word_1_277' title='bbox 171 2654 287 2697; x_wconf 79' lang='lat' dir='ltr'>tima</span> <span class='ocrx_word' id='word_1_278' title='bbox 308 2668 352 2697; x_wconf 81' lang='lat'>›.</span> 
     </span>
    </p>

    <p class='ocr_par' dir='ltr' id='par_1_10' title="bbox 318 2728 2222 2789">
     <span class='ocr_line' id='line_1_33' title="bbox 318 2728 2222 2789; baseline 0.003 -19"><span class='ocrx_word' id='word_1_279' title='bbox 318 2729 470 2771; x_wconf 84' lang='lat' dir='ltr'>Breve</span> <span class='ocrx_word' id='word_1_280' title='bbox 486 2728 645 2782; x_wconf 86' lang='lat' dir='ltr'>ipsum</span> <span class='ocrx_word' id='word_1_281' title='bbox 667 2741 766 2772; x_wconf 89' lang='lat' dir='ltr'>non</span> <span class='ocrx_word' id='word_1_282' title='bbox 787 2729 1016 2780; x_wconf 86' lang='lat' dir='ltr'>vidimus.</span> <span class='ocrx_word' id='word_1_283' title='bbox 1035 2732 1124 2774; x_wconf 90' lang='lat' dir='ltr'>sed</span> <span class='ocrx_word' id='word_1_284' title='bbox 1145 2744 1240 2786; x_wconf 86' lang='lat' dir='ltr'>pax</span> <span class='ocrx_word' id='word_1_285' title='bbox 1260 2733 1530 2787; x_wconf 84' lang='lat' dir='ltr'>composita</span> <span class='ocrx_word' id='word_1_286' title='bbox 1552 2738 1628 2776; x_wconf 88' lang='lat' dir='ltr'>est</span> <span class='ocrx_word' id='word_1_287' title='bbox 1657 2731 1738 2776; x_wconf 86' lang='lat' dir='ltr'>die</span> <span class='ocrx_word' id='word_1_288' title='bbox 1766 2745 1814 2787; x_wconf 88' lang='lat'>15</span> <span class='ocrx_word' id='word_1_289' title='bbox 1838 2731 2065 2776; x_wconf 88' lang='lat' dir='ltr'>Octobris</span> <span class='ocrx_word' id='word_1_290' title='bbox 2086 2745 2222 2789; x_wconf 84' lang='grc'>1515.</span> 
     </span>
    </p>

    <p class='ocr_par' dir='ltr' id='par_1_11' title="bbox 166 2801 2227 3511">
     <span class='ocr_line' id='line_1_34' title="bbox 317 2801 2223 2862; baseline 0.002 -18"><span class='ocrx_word' id='word_1_291' title='bbox 317 2802 379 2858; x_wconf 73' lang='lat'>(¹)</span> <span class='ocrx_word' id='word_1_292' title='bbox 407 2801 702 2855; x_wconf 84' lang='lat' dir='ltr'>Sannazaro,</span> <span class='ocrx_word' id='word_1_293' title='bbox 734 2804 815 2858; x_wconf 89' lang='lat' dir='ltr'>qui</span> <span class='ocrx_word' id='word_1_294' title='bbox 862 2807 1115 2859; x_wconf 82' lang='grc'>1458-1530</span> <span class='ocrx_word' id='word_1_295' title='bbox 1146 2805 1352 2862; x_wconf 79' lang='lat' dir='ltr'>Neapoli</span> <span class='ocrx_word' id='word_1_296' title='bbox 1389 2806 1523 2858; x_wconf 80' lang='lat' dir='ltr'>vixit,</span> <span class='ocrx_word' id='word_1_297' title='bbox 1556 2805 1754 2850; x_wconf 79' lang='lat' dir='ltr'>forsitan</span> <span class='ocrx_word' id='word_1_298' title='bbox 1800 2806 1966 2850; x_wconf 84' lang='lat' dir='ltr'>maiori</span> <span class='ocrx_word' id='word_1_299' title='bbox 2014 2819 2142 2849; x_wconf 89' lang='grc'>11000</span> <span class='ocrx_word' id='word_1_300' title='bbox 2171 2806 2223 2848; x_wconf 80' lang='lat' dir='ltr'>in</span> 
     </span>
     <span class='ocr_line' id='line_1_35' title="bbox 170 2875 2223 2935; baseline 0.002 -17"><span class='ocrx_word' id='word_1_301' title='bbox 170 2875 304 2918; x_wconf 86' lang='lat' dir='ltr'>Italia</span> <span class='ocrx_word' id='word_1_302' title='bbox 349 2875 476 2920; x_wconf 81' lang='lat' dir='ltr'>sama</span> <span class='ocrx_word' id='word_1_303' title='bbox 518 2881 695 2931; x_wconf 77' lang='lat' dir='ltr'>poetae</span> <span class='ocrx_word' id='word_1_304' title='bbox 726 2877 855 2921; x_wconf 87' lang='lat' dir='ltr'>latini</span> <span class='ocrx_word' id='word_1_305' title='bbox 892 2880 1088 2932; x_wconf 83' lang='lat' dir='ltr'>gaudet,</span> <span class='ocrx_word' id='word_1_306' title='bbox 1119 2879 1231 2923; x_wconf 87' lang='lat' dir='ltr'>licet</span> <span class='ocrx_word' id='word_1_307' title='bbox 1274 2885 1452 2934; x_wconf 78' lang='lat' dir='ltr'>poema</span> <span class='ocrx_word' id='word_1_308' title='bbox 1483 2893 1624 2924; x_wconf 89' lang='lat' dir='ltr'>suum</span> <span class='ocrx_word' id='word_1_309' title='bbox 1669 2879 1932 2935; x_wconf 84' lang='lat' dir='ltr'>principale</span> <span class='ocrx_word' id='word_1_310' title='bbox 1964 2880 2042 2922; x_wconf 85' lang='lat' dir='ltr'>De</span> <span class='ocrx_word' id='word_1_311' title='bbox 2070 2880 2223 2923; x_wconf 69' lang='lat' dir='ltr'>Portu</span> 
     </span>
     <span class='ocr_line' id='line_1_36' title="bbox 179 2947 2220 3008; baseline 0.003 -18"><span class='ocrx_word' id='word_1_312' title='bbox 179 2947 385 3002; x_wconf 78' lang='lat' dir='ltr'>Virginis</span> <span class='ocrx_word' id='word_1_313' title='bbox 427 2955 611 2994; x_wconf 84' lang='grc' dir='ltr'>1301οι11</span> <span class='ocrx_word' id='word_1_314' title='bbox 660 2950 849 3007; x_wconf 81' lang='lat' dir='ltr'>circiter</span> <span class='ocrx_word' id='word_1_315' title='bbox 882 2963 1000 3005; x_wconf 87' lang='grc'>1500</span> <span class='ocrx_word' id='word_1_316' title='bbox 1044 2953 1261 2996; x_wconf 87' lang='lat' dir='ltr'>versibus</span> <span class='ocrx_word' id='word_1_317' title='bbox 1291 2960 1482 2998; x_wconf 80' lang='lat' dir='ltr'>constet</span> <span class='ocrx_word' id='word_1_318' title='bbox 1510 2961 1562 2997; x_wconf 88' lang='lat' dir='ltr'>et</span> <span class='ocrx_word' id='word_1_319' title='bbox 1593 2967 1652 2998; x_wconf 85' lang='lat'>20</span> <span class='ocrx_word' id='word_1_320' title='bbox 1682 2965 1837 2997; x_wconf 86' lang='lat' dir='ltr'>annos</span> <span class='ocrx_word' id='word_1_321' title='bbox 1866 2953 2027 2997; x_wconf 89' lang='lat' dir='ltr'>eidem</span> <span class='ocrx_word' id='word_1_322' title='bbox 2074 2967 2220 3008; x_wconf 86' lang='lat' dir='ltr'>expo·</span> 
     </span>
     <span class='ocr_line' id='line_1_37' title="bbox 167 3021 2218 3082; baseline 0.002 -18"><span class='ocrx_word' id='word_1_323' title='bbox 167 3021 331 3065; x_wconf 89' lang='lat' dir='ltr'>liendo</span> <span class='ocrx_word' id='word_1_324' title='bbox 359 3021 667 3067; x_wconf 86' lang='lat' dir='ltr'>insudaverit.</span> <span class='ocrx_word' id='word_1_325' title='bbox 691 3024 992 3079; x_wconf 41' lang='lat' dir='ltr'>Vida‚&gt;natus</span> <span class='ocrx_word' id='word_1_326' title='bbox 1029 3037 1144 3079; x_wconf 81' lang='grc'>1490</span> <span class='ocrx_word' id='word_1_327' title='bbox 1164 3027 1195 3076; x_wconf 86' lang='lat'>†</span> <span class='ocrx_word' id='word_1_328' title='bbox 1224 3029 1350 3081; x_wconf 85' lang='grc'>1566,</span> <span class='ocrx_word' id='word_1_329' title='bbox 1375 3027 1649 3071; x_wconf 82' lang='lat' dir='ltr'>canonicus</span> <span class='ocrx_word' id='word_1_330' title='bbox 1671 3026 1937 3082; x_wconf 60' lang='grc'>8031113113,</span> <span class='ocrx_word' id='word_1_331' title='bbox 1962 3027 2074 3070; x_wconf 89' lang='lat' dir='ltr'>dein</span> <span class='ocrx_word' id='word_1_332' title='bbox 2108 3027 2218 3080; x_wconf 85' lang='lat' dir='ltr'>Epi-</span> 
     </span>
     <span class='ocr_line' id='line_1_38' title="bbox 168 3097 2221 3155; baseline 0.002 -17"><span class='ocrx_word' id='word_1_333' title='bbox 168 3108 360 3149; x_wconf 81' lang='lat' dir='ltr'>scopus,</span> <span class='ocrx_word' id='word_1_334' title='bbox 390 3108 503 3140; x_wconf 85' lang='lat' dir='ltr'>vere</span> <span class='ocrx_word' id='word_1_335' title='bbox 533 3097 680 3140; x_wconf 88' lang='lat' dir='ltr'>etiam</span> <span class='ocrx_word' id='word_1_336' title='bbox 719 3103 864 3151; x_wconf 78' lang='lat' dir='ltr'>poeta</span> <span class='ocrx_word' id='word_1_337' title='bbox 896 3105 972 3143; x_wconf 86' lang='grc'>031</span> <span class='ocrx_word' id='word_1_338' title='bbox 1000 3106 1051 3143; x_wconf 87' lang='grc'>01</span> <span class='ocrx_word' id='word_1_339' title='bbox 1081 3099 1205 3144; x_wconf 79' lang='lat' dir='ltr'>sama</span> <span class='ocrx_word' id='word_1_340' title='bbox 1237 3113 1366 3145; x_wconf 89' lang='lat' dir='ltr'>nunc</span> <span class='ocrx_word' id='word_1_341' title='bbox 1404 3106 1535 3145; x_wconf 89' lang='lat' dir='ltr'>certe</span> <span class='ocrx_word' id='word_1_342' title='bbox 1580 3101 1825 3155; x_wconf 84' lang='lat' dir='ltr'>praevalet</span> <span class='ocrx_word' id='word_1_343' title='bbox 1858 3101 1908 3144; x_wconf 91' lang='lat' dir='ltr'>B.</span> <span class='ocrx_word' id='word_1_344' title='bbox 1947 3101 2221 3155; x_wconf 78' lang='lat' dir='ltr'>Baptistae;</span> 
     </span>
     <span class='ocr_line' id='line_1_39' title="bbox 170 3171 2217 3228; baseline 0.003 -16"><span class='ocrx_word' id='word_1_345' title='bbox 170 3182 266 3212; x_wconf 88' lang='lat' dir='ltr'>non</span> <span class='ocrx_word' id='word_1_346' title='bbox 288 3176 451 3214; x_wconf 88' lang='lat' dir='ltr'>autem</span> <span class='ocrx_word' id='word_1_347' title='bbox 478 3171 630 3214; x_wconf 87' lang='lat' dir='ltr'>edidit</span> <span class='ocrx_word' id='word_1_348' title='bbox 662 3172 770 3227; x_wconf 88' lang='lat' dir='ltr'>plus</span> <span class='ocrx_word' id='word_1_349' title='bbox 797 3185 944 3228; x_wconf 87' lang='lat' dir='ltr'>quam</span> <span class='ocrx_word' id='word_1_350' title='bbox 970 3186 1136 3227; x_wconf 87' lang='grc' dir='ltr'>15,οοο</span> <span class='ocrx_word' id='word_1_351' title='bbox 1165 3187 1407 3219; x_wconf 85' lang='lat' dir='ltr'>versuum.</span> <span class='ocrx_word' id='word_1_352' title='bbox 1433 3176 1687 3219; x_wconf 88' lang='lat' dir='ltr'>Credimus</span> <span class='ocrx_word' id='word_1_353' title='bbox 1718 3181 1879 3218; x_wconf 87' lang='lat' dir='ltr'>autem</span> <span class='ocrx_word' id='word_1_354' title='bbox 1913 3187 2084 3227; x_wconf 86' lang='lat' dir='ltr'>20,0oo</span> <span class='ocrx_word' id='word_1_355' title='bbox 2115 3188 2217 3219; x_wconf 86' lang='lat' dir='ltr'>ver-</span> 
     </span>
     <span class='ocr_line' id='line_1_40' title="bbox 169 3244 2227 3305; baseline 0.002 -18"><span class='ocrx_word' id='word_1_356' title='bbox 169 3256 308 3288; x_wconf 90' lang='lat' dir='ltr'>suum</span> <span class='ocrx_word' id='word_1_357' title='bbox 339 3244 586 3289; x_wconf 84' lang='lat' dir='ltr'>Mantuani</span> <span class='ocrx_word' id='word_1_358' title='bbox 631 3246 848 3299; x_wconf 83' lang='lat' dir='ltr'>inveniri,</span> <span class='ocrx_word' id='word_1_359' title='bbox 880 3247 963 3303; x_wconf 88' lang='lat' dir='ltr'>qui</span> <span class='ocrx_word' id='word_1_360' title='bbox 1009 3248 1141 3292; x_wconf 88' lang='lat' dir='ltr'>hisce</span> <span class='ocrx_word' id='word_1_361' title='bbox 1171 3248 1343 3293; x_wconf 87' lang='lat' dir='ltr'>saltem</span> <span class='ocrx_word' id='word_1_362' title='bbox 1388 3249 1711 3305; x_wconf 85' lang='lat' dir='ltr'>aequivalent,</span> <span class='ocrx_word' id='word_1_363' title='bbox 1749 3249 1860 3293; x_wconf 85' lang='lat' dir='ltr'>licet</span> <span class='ocrx_word' id='word_1_364' title='bbox 1905 3249 2119 3300; x_wconf 83' lang='lat' dir='ltr'>materia,</span> <span class='ocrx_word' id='word_1_365' title='bbox 2154 3251 2227 3292; x_wconf 78' lang='lat' dir='ltr'>de</span> 
     </span>
     <span class='ocr_line' id='line_1_41' title="bbox 167 3318 2220 3377; baseline 0.002 -16"><span class='ocrx_word' id='word_1_366' title='bbox 167 3331 262 3372; x_wconf 89' lang='lat' dir='ltr'>qua</span> <span class='ocrx_word' id='word_1_367' title='bbox 292 3318 371 3362; x_wconf 88' lang='grc'>1110</span> <span class='ocrx_word' id='word_1_368' title='bbox 415 3325 589 3363; x_wconf 86' lang='grc'>1130131</span> <span class='ocrx_word' id='word_1_369' title='bbox 619 3333 665 3362; x_wconf 86' lang='lat' dir='ltr'>v.</span> <span class='ocrx_word' id='word_1_370' title='bbox 699 3332 770 3373; x_wconf 88' lang='lat' dir='ltr'>gr.</span> <span class='ocrx_word' id='word_1_371' title='bbox 805 3320 1028 3365; x_wconf 73' lang='lat' dir='ltr'>Scacclzia</span> <span class='ocrx_word' id='word_1_372' title='bbox 1069 3321 1204 3366; x_wconf 84' lang='lat' dir='ltr'>ludus</span> <span class='ocrx_word' id='word_1_373' title='bbox 1232 3329 1282 3366; x_wconf 92' lang='lat' dir='ltr'>et</span> <span class='ocrx_word' id='word_1_374' title='bbox 1312 3322 1594 3377; x_wconf 76' lang='lat' dir='ltr'>Bombycum</span> <span class='ocrx_word' id='word_1_375' title='bbox 1622 3323 1727 3366; x_wconf 83' lang='lat' dir='ltr'>libri</span> <span class='ocrx_word' id='word_1_376' title='bbox 1763 3323 1824 3375; x_wconf 84' lang='lat'>11,</span> <span class='ocrx_word' id='word_1_377' title='bbox 1855 3323 2016 3377; x_wconf 86' lang='lat' dir='ltr'>plures</span> <span class='ocrx_word' id='word_1_378' title='bbox 2063 3323 2220 3376; x_wconf 85' lang='lat' dir='ltr'>magis</span> 
     </span>
     <span class='ocr_line' id='line_1_42' title="bbox 167 3390 2216 3451; baseline 0.003 -17"><span class='ocrx_word' id='word_1_379' title='bbox 167 3390 354 3436; x_wconf 82' lang='lat' dir='ltr'>alliciat.</span> <span class='ocrx_word' id='word_1_380' title='bbox 375 3393 522 3437; x_wconf 79' lang='lat' dir='ltr'>Poeta</span> <span class='ocrx_word' id='word_1_381' title='bbox 554 3398 718 3437; x_wconf 87' lang='lat' dir='ltr'>noster</span> <span class='ocrx_word' id='word_1_382' title='bbox 747 3402 879 3439; x_wconf 85' lang='lat' dir='ltr'>certe</span> <span class='ocrx_word' id='word_1_383' title='bbox 908 3395 1056 3450; x_wconf 87' lang='lat' dir='ltr'>pluris</span> <span class='ocrx_word' id='word_1_384' title='bbox 1086 3396 1366 3440; x_wconf 82' lang='lat' dir='ltr'>aestimatus</span> <span class='ocrx_word' id='word_1_385' title='bbox 1396 3403 1542 3448; x_wconf 87' lang='lat' dir='ltr'>esset,</span> <span class='ocrx_word' id='word_1_386' title='bbox 1577 3397 1615 3439; x_wconf 89' lang='lat' dir='ltr'>si</span> <span class='ocrx_word' id='word_1_387' title='bbox 1645 3403 1833 3440; x_wconf 89' lang='lat' dir='ltr'>tantum</span> <span class='ocrx_word' id='word_1_388' title='bbox 1864 3408 2030 3440; x_wconf 79' lang='lat' dir='ltr'>versus</span> <span class='ocrx_word' id='word_1_389' title='bbox 2061 3396 2216 3451; x_wconf 81' lang='lat' dir='ltr'>perfe-</span> 
     </span>
     <span class='ocr_line' id='line_1_43' title="bbox 166 3465 620 3511; baseline 0.009 -4"><span class='ocrx_word' id='word_1_390' title='bbox 166 3465 341 3509; x_wconf 85' lang='lat' dir='ltr'>ctiores</span> <span class='ocrx_word' id='word_1_391' title='bbox 370 3466 620 3511; x_wconf 73' lang='lat' dir='ltr'>edidisset.</span> 
     </span>
    </p>

    <p class='ocr_par' dir='ltr' id='par_1_12' title="bbox 168 3539 2220 3746">
     <span class='ocr_line' id='line_1_44' title="bbox 315 3539 2220 3602; baseline 0.003 -20"><span class='ocrx_word' id='word_1_392' title='bbox 315 3539 373 3596; x_wconf 80' lang='lat'>(²)</span> <span class='ocrx_word' id='word_1_393' title='bbox 404 3554 430 3582; x_wconf 84' lang='lat'><strong>‹</strong></span> <span class='ocrx_word' id='word_1_394' title='bbox 454 3542 665 3595; x_wconf 86' lang='lat' dir='ltr'>Baptista</span> <span class='ocrx_word' id='word_1_395' title='bbox 711 3549 930 3586; x_wconf 86' lang='lat' dir='ltr'>noster...</span> <span class='ocrx_word' id='word_1_396' title='bbox 965 3543 1079 3587; x_wconf 85' lang='lat' dir='ltr'>nulli</span> <span class='ocrx_word' id='word_1_397' title='bbox 1106 3549 1358 3598; x_wconf 78' lang='lat' dir='ltr'>poetarum</span> <span class='ocrx_word' id='word_1_398' title='bbox 1387 3546 1436 3589; x_wconf 89' lang='lat' dir='ltr'>in</span> <span class='ocrx_word' id='word_1_399' title='bbox 1476 3545 1715 3602; x_wconf 69' lang='lat' dir='ltr'>Trophaeo</span> <span class='ocrx_word' id='word_1_400' title='bbox 1748 3545 1994 3600; x_wconf 74' lang='lat' dir='ltr'>Gonzagae</span> <span class='ocrx_word' id='word_1_401' title='bbox 2022 3544 2220 3597; x_wconf 73' lang='lat' dir='ltr'>postha-</span> 
     </span>
     <span class='ocr_line' id='line_1_45' title="bbox 170 3612 2214 3672; baseline 0.003 -18"><span class='ocrx_word' id='word_1_402' title='bbox 170 3612 358 3655; x_wconf 83' lang='lat' dir='ltr'>oendus</span> <span class='ocrx_word' id='word_1_403' title='bbox 401 3613 615 3667; x_wconf 85' lang='lat' dir='ltr'>videtur;</span> <span class='ocrx_word' id='word_1_404' title='bbox 650 3621 749 3659; x_wconf 83' lang='lat' dir='ltr'>tarn</span> <span class='ocrx_word' id='word_1_405' title='bbox 791 3622 903 3659; x_wconf 86' lang='grc'>311111</span> <span class='ocrx_word' id='word_1_406' title='bbox 931 3616 980 3659; x_wconf 87' lang='grc'>10</span> <span class='ocrx_word' id='word_1_407' title='bbox 1010 3628 1073 3660; x_wconf 87' lang='grc'>00</span> <span class='ocrx_word' id='word_1_408' title='bbox 1100 3617 1352 3670; x_wconf 78' lang='lat' dir='ltr'>ingeniose</span> <span class='ocrx_word' id='word_1_409' title='bbox 1396 3619 1685 3672; x_wconf 82' lang='lat' dir='ltr'>excogitata,</span> <span class='ocrx_word' id='word_1_410' title='bbox 1716 3624 1872 3661; x_wconf 88' lang='lat' dir='ltr'>astute</span> <span class='ocrx_word' id='word_1_411' title='bbox 1918 3616 2027 3660; x_wconf 86' lang='lat' dir='ltr'>ficta</span> <span class='ocrx_word' id='word_1_412' title='bbox 2058 3624 2107 3660; x_wconf 90' lang='lat' dir='ltr'>et</span> <span class='ocrx_word' id='word_1_413' title='bbox 2137 3629 2214 3660; x_wconf 87' lang='lat' dir='ltr'>so-</span> 
     </span>
     <span class='ocr_line' id='line_1_46' title="bbox 168 3686 2218 3746; baseline 0.003 -19"><span class='ocrx_word' id='word_1_414' title='bbox 168 3697 286 3728; x_wconf 89' lang='lat' dir='ltr'>nore</span> <span class='ocrx_word' id='word_1_415' title='bbox 331 3686 458 3730; x_wconf 86' lang='lat' dir='ltr'>dicta</span> <span class='ocrx_word' id='word_1_416' title='bbox 502 3689 677 3741; x_wconf 88' lang='lat' dir='ltr'>omnia,</span> <span class='ocrx_word' id='word_1_417' title='bbox 715 3690 990 3744; x_wconf 86' lang='lat' dir='ltr'>multaeque</span> <span class='ocrx_word' id='word_1_418' title='bbox 1034 3689 1368 3734; x_wconf 78' lang='lat' dir='ltr'>similitudines</span> <span class='ocrx_word' id='word_1_419' title='bbox 1410 3697 1459 3735; x_wconf 83' lang='lat' dir='ltr'>et</span> <span class='ocrx_word' id='word_1_420' title='bbox 1488 3691 1812 3746; x_wconf 72' lang='lat' dir='ltr'>digressiones</span> <span class='ocrx_word' id='word_1_421' title='bbox 1859 3691 2105 3746; x_wconf 88' lang='lat' dir='ltr'>aptissime</span> <span class='ocrx_word' id='word_1_422' title='bbox 2144 3691 2218 3734; x_wconf 77' lang='lat' dir='ltr'>in·</span> 
     </span>
    </p>
   </div>
  </div>
 </body>
</html>
