2508 3978
934 419 1126 463 LIBER
1161 419 1402 464 PRIMUS
1436 419 1493 474 (¹)

414 616 675 683 Cogimur
713 615 863 666 istius
902 614 1041 664 mala
1079 612 1412 680 tempestatis
1449 622 1503 662 et
1542 612 1652 662 alto

267 708 526 773 Egressas
566 705 742 756 Erebo
780 702 959 764 furiaS,
999 702 1250 769 turpique
1287 701 1525 768 fugatam

265 795 529 845 Virtutem
566 793 725 844 exilio
762 802 816 843 et
853 791 1026 842 varias
1065 807 1373 857 percurrere
1409 785 1605 850 cladeS,

265 883 352 934 Ob
391 881 589 933 scelera
626 880 891 932 immissas
929 879 1102 940 terris,
1143 888 1419 945 artemque
1458 879 1652 929 docere

265 972 418 1037 Quae
456 980 664 1036 premat
700 969 932 1021 aetherei
972 969 1288 1034 flagrantem
1327 967 1583 1034 principis
1622 967 1771 1020 iram.

915 1059 1117 1124 (Deum
1155 1059 1382 1123 invocat)
1420 1057 1512 1123 (²).

412 1151 634 1202 Summe
673 1148 865 1208 Deum,
906 1147 1148 1199 decimus
1186 1163 1410 1213 regnum
1449 1145 1531 1197 cui
1573 1144 1823 1196 terminat
1862 1144 2024 1206 orbiS‚

266 1239 366 1290 Cui
408 1256 582 1290 rerum
622 1249 811 1291 natura
848 1238 1047 1298 subest,
1088 1236 1173 1287 cui
1213 1235 1407 1287 militat
1443 1236 1638 1286 ardens

265 1330 566 1389 Astrorum,
605 1326 848 1393 coelique
885 1325 1053 1386 iubar,
1094 1325 1186 1392 qui
1225 1325 1370 1376 solus
1410 1324 1645 1375 habenas

266 1416 546 1475 Fortunae,
586 1414 787 1481 fatique
825 1423 973 1464 tenes
990 1431 1002 1473 ;
1042 1430 1139 1464 sua
1176 1412 1349 1463 victus
1388 1412 1588 1478 Apollo

265 1503 512 1554 Postibus
550 1520 698 1553 arma
736 1501 841 1553 tuis
880 1501 1050 1563 offert,
1089 1502 1472 1568 plectrumque,
1514 1502 1823 1566 lyramque;

263 1591 533 1658 Quicquid
571 1591 733 1642 habet
773 1591 955 1651 Delos,
995 1590 1253 1657 quicquid
1293 1589 1550 1641 Cadmeia
1589 1589 1768 1649 Dirce,

262 1679 532 1746 Quicquid
570 1679 706 1730 inest
745 1679 970 1744 Delphis
1009 1678 1105 1729 tibi
1144 1679 1253 1740 dat,
1295 1678 1689 1744 Cynthumque,
1733 1677 2074 1742 Rhodonque

262 1767 452 1819 Omnis
490 1768 748 1819 odoratae
785 1766 949 1818 servit
986 1765 1082 1818 tibi
1122 1766 1296 1833 gloria
1336 1766 1624 1832 Daphnes;

263 1856 360 1907 Est
398 1866 520 1907 tuus
557 1857 807 1916 EurotaS,
848 1855 1079 1907 Helicon
1118 1865 1268 1915 tuus;
1308 1856 1477 1906 ardua
1516 1854 1756 1919 Cyrrhae

264 1945 405 1995 Saxa
443 1954 609 2006 teneS,
648 1953 741 1994 tua
779 1961 918 1994 nunc
956 1944 1183 2004 hederiS,
1225 1945 1542 2011 tymbraque
1581 1942 1773 1994 virenti

266 2033 536 2084 Ornantur
574 2032 811 2094 delubra,
853 2032 930 2082 tui
968 2050 1065 2097 per
1101 2032 1322 2099 pinguia
1360 2042 1585 2098 pascunt

267 2120 515 2173 Phocidis
552 2138 681 2172 arva
717 2137 912 2187 greges
950 2130 1004 2171 et
1042 2121 1218 2172 dulcia
1256 2121 1475 2172 flumina
1513 2131 1716 2187 potant.

266 2210 355 2261 Dii
393 2220 599 2261 veteres
637 2210 838 2276 sugere,
879 2209 1032 2260 novis
1071 2211 1257 2261 altaria
1296 2211 1473 2262 lucent

267 2299 484 2364 Ignibus
521 2308 576 2349 et
613 2298 768 2350 nobis
806 2308 898 2349 tua
935 2298 1153 2349 numina
1190 2299 1305 2349 sola
1342 2310 1645 2365 supersunt.

264 2388 337 2438 At
375 2386 627 2453 quoniam
666 2387 821 2453 pulso
860 2388 1005 2438 solus
1042 2397 1198 2453 potes
1236 2387 1415 2438 omnia
1455 2388 1692 2448 Phoeb0‚

265 2476 388 2527 Huc
426 2475 554 2527 ades
591 2485 647 2526 et
683 2474 925 2541 fragilem
965 2475 1070 2526 duc
1110 2476 1180 2526 ad
1220 2486 1310 2527 tua
1349 2476 1530 2527 littora
1568 2477 1830 2541 cymbam.

835 2564 1209 2615 Calamitatum
1247 2569 1588 2616 enumeratio,

413 2652 704 2719 Postquam
743 2651 1000 2704 sollicitae
1038 2653 1283 2704 stimulos
1321 2663 1375 2704 et
1411 2653 1638 2719 plurima
1677 2652 1818 2703 vitae

264 2739 466 2791 Taedia
502 2740 737 2807 perpessi
778 2739 1006 2791 iuvenile
1044 2741 1351 2808 peregimus
1387 2759 1597 2803 aevum,

264 2828 391 2880 Otia
428 2838 483 2879 et
519 2829 722 2895 antiqui
762 2829 919 2880 finem
959 2846 1172 2895 sperare
1211 2830 1411 2881 laboris

266 2918 368 2967 Fas
407 2927 535 2978 erat,
574 2926 629 2968 et
666 2917 835 2968 fessae
873 2927 997 2983 post
1032 2918 1194 2984 longa
1231 2919 1466 2984 pericula
1506 2919 1672 2985 puppi

266 3005 485 3056 Littoris
522 3015 576 3056 et
615 3005 796 3057 mitem
836 3014 1023 3072 portus
1061 3016 1248 3073 optare
1287 3024 1572 3059 recessum.

264 3094 373 3144 Sed
414 3094 571 3145 Pater
606 3093 824 3145 utilibus
861 3094 952 3161 qui
993 3104 1254 3162 temperat
1292 3096 1471 3147 omnia
1508 3097 1665 3158 curis,

266 3182 452 3233 Robur
487 3192 543 3234 et
581 3182 793 3234 assidua
830 3182 969 3234 vires
1008 3183 1217 3234 firmare
1255 3185 1519 3250 palaestra

264 3270 495 3336 Cogitat,
536 3280 590 3321 et
628 3271 781 3322 nobis
819 3271 1013 3338 quibus
1052 3273 1280 3323 aetheris
1320 3273 1503 3325 annuit
1540 3290 1733 3334 arcem,

308 3505 365 3558 (¹)
399 3505 510 3548 Hoc
540 3509 714 3560 poema
747 3505 810 3548 ab
841 3506 1051 3551 Auctore
1081 3508 1319 3552 directum
1350 3508 1437 3552 suit
1467 3511 1529 3552 ad
1569 3510 1689 3554 Rev.
1730 3510 1775 3553 in
1816 3509 2008 3554 Christo
2041 3511 2229 3555 Patrem

186 3589 244 3620 ac
276 3578 536 3622 Dominum
568 3579 630 3623 D.
663 3579 927 3623 oliverium
974 3580 1212 3634 Carafam,
1244 3582 1472 3626 sabinen.
1514 3583 1809 3638 Episcopum
1845 3590 1894 3626 et
1926 3584 2231 3628 cardinalem

188 3651 569 3704 Neapolitanum.

305 3723 360 3779 (²)
392 3726 744 3780 Argumentum
774 3728 896 3771 intra
919 3729 1251 3785 parentheses,
1274 3730 1466 3785 quoties
1486 3731 1709 3784 occurrit,
1734 3743 1761 3774 a
1783 3744 1863 3776 me
1888 3733 2106 3776 additum
2137 3739 2228 3776 est.
