2508 3978
1038 99 1272 141 -49-

204 209 639 274 perlustransque
676 206 879 259 aditum
919 216 1091 258 tumet
1126 215 1181 258 et
1216 206 1518 272 spumantia
1556 200 1728 273 terga

203 298 394 348 Elevat
429 306 483 347 et
521 296 716 347 molem
754 296 927 347 fluxus
963 312 1103 362 quae
1139 294 1407 360 intercipit
1444 312 1641 361 urgens

207 385 448 436 Pondere
485 384 740 436 crescenti
777 401 989 450 semper
1022 383 1321 440 convellere
1356 392 1526 436 tentat

204 475 275 524 Et
312 474 528 525 tandem
566 490 754 525 everso
791 473 1016 524 celerem
1055 471 1218 525 trahit
1253 489 1455 538 aggere
1490 489 1703 524 cursum

203 564 492 614 Assuetum
532 580 628 629 per
665 562 781 622 iter,
819 561 1066 627 notisque
1102 561 1198 612 dat
1233 561 1417 612 oscula
1453 561 1601 627 ripis,

203 653 294 704 Sic
332 652 512 702 Venus
550 651 755 702 iniectis
789 659 1057 701 crescente
1093 650 1313 701 libidine
1349 649 1536 701 vinclis

203 743 378 794 Vento
417 740 596 791 inflata
631 740 782 798 calet,
823 738 1157 805 pedibusque
1193 737 1450 804 repagula
1487 738 1703 790 vincens

206 830 397 881 Libera
434 828 720 895 perniciem
759 828 900 878 facto
938 827 1077 893 rapit
1114 826 1329 893 agmine
1366 843 1627 893 gressum.

205 918 285 968 Ite
322 917 507 982 procul
545 916 778 977 iuvene5‚
814 904 1043 980 *simplex
1081 924 1136 966 et
1170 915 1388 966 credula
1413 915 1585 975 turba,

203 1007 407 1057 Praeda
444 1005 606 1065 eritis,
649 1003 845 1055 dabitis
883 1020 1099 1069 poenaS‚
1140 1004 1270 1054 haec
1309 1003 1464 1055 belua
1504 1004 1774 1069 Thysben,

204 1098 354 1147 Haec
393 1094 621 1160 Cinyrae
658 1102 836 1144 natam
875 1091 1067 1158 rapuit,
1108 1092 1451 1158 Scyllamque
1487 1102 1711 1158 paterno

201 1186 360 1238 Crine
399 1200 560 1244 ream,
603 1181 781 1234 Proeti
818 1181 1075 1242 sobolem,
1116 1181 1446 1248 Lotidesque
1481 1181 1700 1247 puellas,

204 1276 283 1326 Ite
320 1273 419 1324 viri
458 1271 661 1339 procul,
699 1270 774 1321 ite
810 1286 990 1331 nurus,
1030 1271 1161 1320 haec
1200 1270 1356 1321 belua
1393 1269 1550 1322 tinxit

201 1363 382 1414 Caede
421 1360 689 1412 maritales
727 1358 993 1410 thalamos
1030 1367 1086 1409 et
1123 1358 1384 1424 sanguine
1422 1360 1663 1411 Lemnon
1679 1378 1693 1421 ;

203 1453 354 1502 Haec
392 1450 514 1510 iraS,
555 1450 686 1500 haec
725 1447 863 1499 bella
900 1447 1057 1513 parit,
1097 1447 1446 1514 circumspice
1482 1448 1686 1514 campis

202 1542 357 1606 Quae
396 1537 582 1604 Stigiis
619 1546 798 1588 errant
835 1537 1068 1598 umbras,
1108 1537 1308 1604 pallere
1344 1537 1554 1590 videbis

200 1628 546 1694 Tristitiaque
584 1625 753 1693 premi
792 1634 847 1675 et
883 1625 1103 1677 rubrum
1141 1627 1389 1679 sudantia
1426 1644 1601 1678 rorem

198 1720 331 1770 Tela
367 1719 610 1770 coronari
650 1729 826 1782 myrto
863 1717 919 1770 et
955 1732 1095 1768 nunc
1131 1715 1209 1766 ire
1246 1733 1344 1782 per
1381 1716 1614 1776 umbras

199 1808 461 1859 Pallentes
499 1808 715 1860 umbras
751 1824 1044 1866 nemorum,
1085 1821 1421 1871 coenosaque
1456 1805 1622 1856 lustra

203 1898 272 1946 Et
309 1912 447 1947 nunc
484 1913 606 1947 aere
643 1913 834 1962 graves
871 1895 1099 1962 vestigia
1135 1895 1272 1945 serre
1308 1910 1406 1960 per
1442 1894 1639 1954 hastaS,

200 1986 355 2035 Nunc
394 2001 489 2050 per
526 2002 710 2051 equos,
751 1985 847 2035 has
885 1985 1021 2035 dura
1055 1984 1238 2035 Venus
1275 1992 1479 2034 certare
1515 1984 1710 2050 coegit,

203 2074 533 2140 Pulvereque
571 2073 783 2139 aspergi
820 2083 877 2123 et
914 2072 1168 2139 gravibus
1206 2072 1401 2123 sudare
1438 2073 1538 2124 sub
1577 2073 1754 2133 armis,

196 2163 377 2228 Atque
415 2161 526 2228 pati
565 2161 838 2227 geminum
876 2160 1076 2226 duplici
1114 2161 1215 2211 sub
1254 2161 1428 2212 Marte
1464 2161 1714 2217 furorem.

198 2251 356 2302 Dicta
394 2251 493 2302 sub
530 2250 726 2316 exiguo
762 2250 1079 2300 claudantur
1114 2259 1174 2299 ut
1211 2248 1391 2300 omnia
1426 2266 1600 2311 versu,

198 2338 443 2399 Divitias,
483 2339 736 2399 animum,
775 2354 987 2404 corpuS,
1028 2347 1196 2398 necat,
1236 2337 1418 2398 inficit,
1457 2339 1643 2390 aufert.

195 2428 415 2478 Talibus
454 2427 695 2478 exultans
731 2426 894 2478 armis
932 2436 986 2478 et
1024 2426 1192 2478 milite
1229 2436 1380 2478 tanto

197 2517 366 2567 Multa
404 2515 659 2567 catenatis
696 2516 919 2584 heroum
958 2515 1124 2566 millia
1160 2533 1339 2568 secum

199 2605 442 2655 Ducebat
480 2604 739 2665 manibus,
780 2587 1085 2670 nitidosque
1122 2621 1219 2670 per
1256 2604 1435 2655 omnia
1473 2605 1631 2656 flores

196 2693 448 2759 Compita
486 2693 733 2753 iactabat,
772 2693 958 2753 violas,
998 2693 1323 2758 hyacinthon
1362 2703 1416 2744 et
1453 2694 1575 2744 alba

196 2781 348 2841 Lilia,
389 2797 788 2847 purpureasque
825 2799 991 2843 rosas,
1032 2783 1398 2844 amaranthon‚
1439 2783 1618 2834 anethi

191 2870 425 2920 Gramen
463 2869 805 2930 odoriferum,
844 2870 1012 2921 casias
1051 2881 1106 2923 et
1141 2888 1418 2936 cynnama,
1458 2872 1610 2923 nardi

195 2958 411 3010 Semina
449 2969 502 3009 et
539 2958 793 3024 Assyriae
829 2958 1090 3011 dederant
1125 2977 1264 3027 quae
1302 2961 1540 3011 balsama
1578 2961 1776 3027 sylvae,

196 3046 521 3107 Narcissum,
562 3064 882 3114 croceasque
918 3065 1100 3100 comas
1138 3049 1408 3100 rutilantia
1445 3050 1549 3105 fila.

192 3135 301 3186 Sed
341 3135 538 3200 passim
578 3136 797 3187 infestae
834 3136 986 3188 iactis
1023 3137 1094 3188 de
1131 3137 1351 3189 floribus
1389 3139 1585 3190 herbae

196 3223 516 3289 Surgebant,
556 3241 689 3289 quas
726 3225 903 3291 gignit
939 3243 1070 3292 ager
1108 3227 1348 3278 Sardous
1385 3228 1580 3279 amaris

194 3313 237 3362 F
241 3312 495 3362 rondibus
533 3322 587 3362 et
626 3322 795 3373 taxuS,
834 3314 1082 3381 tristique
1118 3316 1399 3381 absynthia
1436 3333 1613 3372 succo,

196 3401 492 3451 Mordentis
529 3418 699 3467 genus
737 3402 953 3464 urticae,
991 3403 1276 3470 curvisque
1300 3406 1486 3456 rubeta

195 3488 457 3539 Dentibus
495 3499 550 3539 et
588 3489 786 3550 tribuli,
826 3490 1118 3553 titimallus,
1157 3492 1314 3543 inane
1356 3493 1560 3546 cicutae

190 3576 422 3626 Germen
460 3586 514 3626 et
552 3587 758 3628 erectae
798 3577 990 3629 tollunt
1027 3596 1164 3645 quae
1202 3581 1414 3631 hastilia
1456 3593 1647 3643 sentes,

193 3663 589 3729 Omnigenique
625 3682 780 3731 seges
818 3666 962 3717 subit
998 3666 1303 3733 importuna
1338 3671 1542 3721 veneni.
