<?xml version="1.0" encoding="UTF-8"?>
<!DOCTYPE html PUBLIC "-//W3C//DTD XHTML 1.0 Transitional//EN"
    "http://www.w3.org/TR/xhtml1/DTD/xhtml1-transitional.dtd">
<html xmlns="http://www.w3.org/1999/xhtml" xml:lang="en" lang="en">
 <head>
  <title>
</title>
<meta http-equiv="Content-Type" content="text/html;charset=utf-8" />
  <meta name='ocr-system' content='tesseract 3.04.00' />
  <meta name='ocr-capabilities' content='ocr_page ocr_carea ocr_par ocr_line ocrx_word'/>
</head>
<body>
  <div class='ocr_page' id='page_1' title='image "./libritresdecalam00spaguoft/libritresdecalam00spaguoft_0024.png"; bbox 0 0 2508 3978; ppageno 0'>
   <div class='ocr_carea' id='block_1_1' title="bbox 1176 95 1410 136">
    <p class='ocr_par' dir='ltr' id='par_1_1' title="bbox 1176 95 1410 136">
     <span class='ocr_line' id='line_1_1' title="bbox 1176 95 1410 136; baseline 0.004 -12"><span class='ocrx_word' id='word_1_1' title='bbox 1176 95 1410 136; x_wconf 64' lang='lat'>„13-</span> 
     </span>
    </p>
   </div>
   <div class='ocr_carea' id='block_1_2' title="bbox 264 208 2325 1679">
    <p class='ocr_par' dir='ltr' id='par_1_2' title="bbox 264 208 2320 628">
     <span class='ocr_line' id='line_1_2' title="bbox 267 208 2319 279; baseline -0.002 -14"><span class='ocrx_word' id='word_1_2' title='bbox 267 224 390 279; x_wconf 92' lang='lat' dir='ltr'>ptae</span> <span class='ocrx_word' id='word_1_3' title='bbox 416 223 539 264; x_wconf 89' lang='lat' dir='ltr'>sunt</span> <span class='ocrx_word' id='word_1_4' title='bbox 562 230 596 263; x_wconf 90' lang='lat' dir='ltr'>a</span> <span class='ocrx_word' id='word_1_5' title='bbox 622 213 931 271; x_wconf 85' lang='lat' dir='ltr'>Mantuano,</span> <span class='ocrx_word' id='word_1_6' title='bbox 959 212 1054 262; x_wconf 91' lang='lat' dir='ltr'>sed</span> <span class='ocrx_word' id='word_1_7' title='bbox 1081 228 1186 262; x_wconf 89' lang='lat' dir='ltr'>non</span> <span class='ocrx_word' id='word_1_8' title='bbox 1213 211 1374 261; x_wconf 90' lang='lat' dir='ltr'>etiam</span> <span class='ocrx_word' id='word_1_9' title='bbox 1414 227 1599 261; x_wconf 91' lang='lat' dir='ltr'>versus</span> <span class='ocrx_word' id='word_1_10' title='bbox 1637 209 1897 263; x_wconf 80' lang='lat' dir='ltr'>meliores,</span> <span class='ocrx_word' id='word_1_11' title='bbox 1922 210 2086 276; x_wconf 81' lang='lat' dir='ltr'>Quod</span> <span class='ocrx_word' id='word_1_12' title='bbox 2123 209 2166 260; x_wconf 92' lang='lat' dir='ltr'>si</span> <span class='ocrx_word' id='word_1_13' title='bbox 2194 208 2319 262; x_wconf 87' lang='lat' dir='ltr'>huic</span> 
     </span>
     <span class='ocr_line' id='line_1_3' title="bbox 266 297 2318 365; baseline -0.002 -13"><span class='ocrx_word' id='word_1_14' title='bbox 266 302 567 353; x_wconf 90' lang='lat' dir='ltr'>adiunxeris</span> <span class='ocrx_word' id='word_1_15' title='bbox 604 300 891 351; x_wconf 86' lang='lat' dir='ltr'>editionem</span> <span class='ocrx_word' id='word_1_16' title='bbox 931 299 1309 365; x_wconf 85' lang='lat' dir='ltr'>paenultimam</span> <span class='ocrx_word' id='word_1_17' title='bbox 1344 297 1484 349; x_wconf 82' lang='lat'>1516</span> <span class='ocrx_word' id='word_1_18' title='bbox 1523 315 1629 349; x_wconf 91' lang='lat' dir='ltr'>non</span> <span class='ocrx_word' id='word_1_19' title='bbox 1667 297 1935 349; x_wconf 88' lang='lat' dir='ltr'>continere</span> <span class='ocrx_word' id='word_1_20' title='bbox 1970 315 2134 364; x_wconf 89' lang='lat' dir='ltr'>opera</span> <span class='ocrx_word' id='word_1_21' title='bbox 2172 314 2318 363; x_wconf 82' lang='lat' dir='ltr'>prae·</span> 
     </span>
     <span class='ocr_line' id='line_1_4' title="bbox 264 386 2320 455; baseline -0.001 -14"><span class='ocrx_word' id='word_1_22' title='bbox 264 390 420 455; x_wconf 89' lang='lat' dir='ltr'>cipua</span> <span class='ocrx_word' id='word_1_23' title='bbox 463 399 624 454; x_wconf 91' lang='lat' dir='ltr'>atque</span> <span class='ocrx_word' id='word_1_24' title='bbox 667 387 907 438; x_wconf 83' lang='lat' dir='ltr'>ultimam</span> <span class='ocrx_word' id='word_1_25' title='bbox 947 386 1144 452; x_wconf 85' lang='lat'>(1576)</span> <span class='ocrx_word' id='word_1_26' title='bbox 1181 387 1288 438; x_wconf 87' lang='lat' dir='ltr'>sere</span> <span class='ocrx_word' id='word_1_27' title='bbox 1338 396 1507 438; x_wconf 91' lang='lat' dir='ltr'>totam</span> <span class='ocrx_word' id='word_1_28' title='bbox 1557 386 1792 452; x_wconf 90' lang='lat' dir='ltr'>periisse,</span> <span class='ocrx_word' id='word_1_29' title='bbox 1832 403 2027 453; x_wconf 90' lang='lat' dir='ltr'>magna</span> <span class='ocrx_word' id='word_1_30' title='bbox 2064 403 2130 437; x_wconf 88' lang='lat' dir='ltr'>ex</span> <span class='ocrx_word' id='word_1_31' title='bbox 2167 396 2320 452; x_wconf 88' lang='lat' dir='ltr'>parte</span> 
     </span>
     <span class='ocr_line' id='line_1_5' title="bbox 264 474 2316 541; baseline -0.001 -13"><span class='ocrx_word' id='word_1_32' title='bbox 264 479 378 529; x_wconf 89' lang='lat' dir='ltr'>eius</span> <span class='ocrx_word' id='word_1_33' title='bbox 415 478 586 528; x_wconf 84' lang='lat' dir='ltr'>famae</span> <span class='ocrx_word' id='word_1_34' title='bbox 622 475 1026 526; x_wconf 86' lang='lat' dir='ltr'>diminutionem</span> <span class='ocrx_word' id='word_1_35' title='bbox 1053 474 1315 540; x_wconf 86' lang='lat' dir='ltr'>explicare</span> <span class='ocrx_word' id='word_1_36' title='bbox 1341 475 1555 541; x_wconf 82' lang='lat' dir='ltr'>poteriS.</span> <span class='ocrx_word' id='word_1_37' title='bbox 1586 475 1670 525; x_wconf 92' lang='lat' dir='ltr'>De</span> <span class='ocrx_word' id='word_1_38' title='bbox 1695 474 1936 540; x_wconf 86' lang='lat' dir='ltr'>plurimis</span> <span class='ocrx_word' id='word_1_39' title='bbox 1973 474 2090 526; x_wconf 88' lang='lat' dir='ltr'>aliis</span> <span class='ocrx_word' id='word_1_40' title='bbox 2128 474 2316 525; x_wconf 88' lang='lat' dir='ltr'>editio·</span> 
     </span>
     <span class='ocr_line' id='line_1_6' title="bbox 266 563 2013 628; baseline -0.001 -12"><span class='ocrx_word' id='word_1_41' title='bbox 266 567 419 616; x_wconf 89' lang='lat' dir='ltr'>nibus</span> <span class='ocrx_word' id='word_1_42' title='bbox 457 566 524 615; x_wconf 92' lang='lat' dir='ltr'>ab</span> <span class='ocrx_word' id='word_1_43' title='bbox 561 563 886 615; x_wconf 88' lang='lat' dir='ltr'>Auctoribus</span> <span class='ocrx_word' id='word_1_44' title='bbox 924 563 1231 615; x_wconf 86' lang='lat' dir='ltr'>memoratis</span> <span class='ocrx_word' id='word_1_45' title='bbox 1267 581 1374 615; x_wconf 89' lang='lat' dir='ltr'>non</span> <span class='ocrx_word' id='word_1_46' title='bbox 1412 564 1642 615; x_wconf 86' lang='lat' dir='ltr'>vidimus</span> <span class='ocrx_word' id='word_1_47' title='bbox 1678 563 2013 628; x_wconf 87' lang='lat' dir='ltr'>exemplaria.</span> 
     </span>
    </p>

    <p class='ocr_par' dir='ltr' id='par_1_3' title="bbox 264 651 2321 1337">
     <span class='ocr_line' id='line_1_7' title="bbox 416 651 2321 717; baseline -0.001 -14"><span class='ocrx_word' id='word_1_48' title='bbox 416 652 688 704; x_wconf 84' lang='lat' dir='ltr'>Immerito</span> <span class='ocrx_word' id='word_1_49' title='bbox 726 662 869 703; x_wconf 90' lang='lat' dir='ltr'>certe</span> <span class='ocrx_word' id='word_1_50' title='bbox 906 652 1228 703; x_wconf 87' lang='lat' dir='ltr'>Humanista</span> <span class='ocrx_word' id='word_1_51' title='bbox 1266 662 1446 703; x_wconf 90' lang='lat' dir='ltr'>noster</span> <span class='ocrx_word' id='word_1_52' title='bbox 1496 652 1652 703; x_wconf 89' lang='lat' dir='ltr'>nimis</span> <span class='ocrx_word' id='word_1_53' title='bbox 1691 662 1875 717; x_wconf 87' lang='lat' dir='ltr'>postea</span> <span class='ocrx_word' id='word_1_54' title='bbox 1926 651 2180 702; x_wconf 87' lang='lat' dir='ltr'>oblivioni</span> <span class='ocrx_word' id='word_1_55' title='bbox 2219 661 2321 701; x_wconf 89' lang='lat' dir='ltr'>tra·</span> 
     </span>
     <span class='ocr_line' id='line_1_8' title="bbox 266 726 2321 807; baseline -0.001 -15"><span class='ocrx_word' id='word_1_56' title='bbox 266 741 406 792; x_wconf 87' lang='lat' dir='ltr'>ditus</span> <span class='ocrx_word' id='word_1_57' title='bbox 464 751 559 795; x_wconf 88' lang='lat' dir='ltr'>est.</span> <span class='ocrx_word' id='word_1_58' title='bbox 602 741 715 792; x_wconf 90' lang='lat' dir='ltr'>Suo</span> <span class='ocrx_word' id='word_1_59' title='bbox 752 749 994 806; x_wconf 91' lang='lat' dir='ltr'>tempore</span> <span class='ocrx_word' id='word_1_60' title='bbox 1043 740 1142 791; x_wconf 86' lang='lat' dir='ltr'>suit</span> <span class='ocrx_word' id='word_1_61' title='bbox 1177 741 1296 805; x_wconf 91' lang='lat' dir='ltr'>plus</span> <span class='ocrx_word' id='word_1_62' title='bbox 1335 757 1507 807; x_wconf 87' lang='lat' dir='ltr'>aequo</span> <span class='ocrx_word' id='word_1_63' title='bbox 1559 726 1774 806; x_wconf 87' lang='lat' dir='ltr'>quidem</span> <span class='ocrx_word' id='word_1_64' title='bbox 1832 740 2141 800; x_wconf 81' lang='lat' dir='ltr'>celebratuS,</span> <span class='ocrx_word' id='word_1_65' title='bbox 2182 755 2321 790; x_wconf 90' lang='lat' dir='ltr'>nunc</span> 
     </span>
     <span class='ocr_line' id='line_1_9' title="bbox 264 827 2316 894; baseline -0 -15"><span class='ocrx_word' id='word_1_66' title='bbox 264 840 439 880; x_wconf 88' lang='lat' dir='ltr'>autem</span> <span class='ocrx_word' id='word_1_67' title='bbox 478 829 698 878; x_wconf 89' lang='lat' dir='ltr'>nimium</span> <span class='ocrx_word' id='word_1_68' title='bbox 745 829 1034 894; x_wconf 81' lang='lat' dir='ltr'>neglectus,</span> <span class='ocrx_word' id='word_1_69' title='bbox 1074 828 1265 879; x_wconf 88' lang='lat' dir='ltr'>Verius</span> <span class='ocrx_word' id='word_1_70' title='bbox 1305 828 1373 879; x_wconf 93' lang='lat' dir='ltr'>de</span> <span class='ocrx_word' id='word_1_71' title='bbox 1411 846 1477 882; x_wconf 88' lang='lat' dir='ltr'>eo</span> <span class='ocrx_word' id='word_1_72' title='bbox 1515 827 1726 894; x_wconf 84' lang='lat' dir='ltr'>scripsit</span> <span class='ocrx_word' id='word_1_73' title='bbox 1767 828 2068 878; x_wconf 88' lang='lat' dir='ltr'>Balthassar</span> <span class='ocrx_word' id='word_1_74' title='bbox 2106 827 2316 878; x_wconf 89' lang='lat' dir='ltr'>Bonifa-</span> 
     </span>
     <span class='ocr_line' id='line_1_10' title="bbox 264 915 2317 983; baseline -0.001 -15"><span class='ocrx_word' id='word_1_75' title='bbox 264 919 346 978; x_wconf 85' lang='lat' dir='ltr'>eii,</span> <span class='ocrx_word' id='word_1_76' title='bbox 389 919 577 968; x_wconf 92' lang='lat' dir='ltr'>doctus</span> <span class='ocrx_word' id='word_1_77' title='bbox 618 917 916 983; x_wconf 88' lang='lat' dir='ltr'>Episcopus</span> <span class='ocrx_word' id='word_1_78' title='bbox 961 917 1030 968; x_wconf 90' lang='lat' dir='ltr'>de</span> <span class='ocrx_word' id='word_1_79' title='bbox 1075 918 1215 982; x_wconf 79' lang='lat' dir='ltr'>Capo</span> <span class='ocrx_word' id='word_1_80' title='bbox 1263 918 1485 968; x_wconf 71' lang='lat' dir='ltr'>d’lslria</span> <span class='ocrx_word' id='word_1_81' title='bbox 1512 920 1543 983; x_wconf 88' lang='lat'>†</span> <span class='ocrx_word' id='word_1_82' title='bbox 1589 915 1756 971; x_wconf 84' lang='lat'>1659:</span> <span class='ocrx_word' id='word_1_83' title='bbox 1799 917 2118 968; x_wconf 87' lang='lat' dir='ltr'>Mantuanus</span> <span class='ocrx_word' id='word_1_84' title='bbox 2167 933 2196 966; x_wconf 92' lang='lat'>«</span> <span class='ocrx_word' id='word_1_85' title='bbox 2225 933 2317 982; x_wconf 90' lang='lat' dir='ltr'>pa-</span> 
     </span>
     <span class='ocr_line' id='line_1_11' title="bbox 264 1005 2317 1071; baseline -0.001 -14"><span class='ocrx_word' id='word_1_86' title='bbox 264 1007 364 1057; x_wconf 90' lang='lat' dir='ltr'>tria</span> <span class='ocrx_word' id='word_1_87' title='bbox 405 1007 639 1057; x_wconf 89' lang='lat' dir='ltr'>Maronis</span> <span class='ocrx_word' id='word_1_88' title='bbox 689 1006 834 1057; x_wconf 91' lang='lat' dir='ltr'>haud</span> <span class='ocrx_word' id='word_1_89' title='bbox 871 1005 1122 1069; x_wconf 71' lang='lat' dir='ltr'>indignus</span> <span class='ocrx_word' id='word_1_90' title='bbox 1161 1017 1216 1056; x_wconf 90' lang='lat' dir='ltr'>et</span> <span class='ocrx_word' id='word_1_91' title='bbox 1253 1005 1389 1057; x_wconf 89' lang='lat' dir='ltr'>inter</span> <span class='ocrx_word' id='word_1_92' title='bbox 1430 1006 1628 1071; x_wconf 91' lang='lat' dir='ltr'>Myncii</span> <span class='ocrx_word' id='word_1_93' title='bbox 1669 1006 1887 1071; x_wconf 89' lang='lat' dir='ltr'>Cygnos</span> <span class='ocrx_word' id='word_1_94' title='bbox 1945 1005 2317 1065; x_wconf 88' lang='lat' dir='ltr'>numerandus,</span> 
     </span>
     <span class='ocr_line' id='line_1_12' title="bbox 266 1080 2320 1161; baseline -0.002 -15"><span class='ocrx_word' id='word_1_95' title='bbox 266 1095 464 1146; x_wconf 88' lang='lat' dir='ltr'>Ovidio</span> <span class='ocrx_word' id='word_1_96' title='bbox 503 1098 575 1161; x_wconf 84' lang='lat'>(¹)</span> <span class='ocrx_word' id='word_1_97' title='bbox 612 1112 774 1161; x_wconf 91' lang='lat' dir='ltr'>quam</span> <span class='ocrx_word' id='word_1_98' title='bbox 801 1094 1027 1160; x_wconf 81' lang='lat' dir='ltr'>Virgilio</span> <span class='ocrx_word' id='word_1_99' title='bbox 1067 1094 1302 1161; x_wconf 88' lang='lat' dir='ltr'>propior,</span> <span class='ocrx_word' id='word_1_100' title='bbox 1323 1080 1455 1145; x_wconf 40' lang='lat' dir='ltr'>&#39;licet</span> <span class='ocrx_word' id='word_1_101' title='bbox 1479 1094 1548 1144; x_wconf 90' lang='lat' dir='ltr'>ab</span> <span class='ocrx_word' id='word_1_102' title='bbox 1575 1103 1801 1160; x_wconf 81' lang='lat' dir='ltr'>utroque</span> <span class='ocrx_word' id='word_1_103' title='bbox 1839 1094 2002 1159; x_wconf 89' lang='lat' dir='ltr'>longo</span> <span class='ocrx_word' id='word_1_104' title='bbox 2041 1092 2320 1143; x_wconf 90' lang='lat' dir='ltr'>intervallo</span> 
     </span>
     <span class='ocr_line' id='line_1_13' title="bbox 266 1179 2319 1248; baseline -0.001 -16"><span class='ocrx_word' id='word_1_105' title='bbox 266 1183 484 1244; x_wconf 89' lang='lat' dir='ltr'>distans,</span> <span class='ocrx_word' id='word_1_106' title='bbox 518 1199 699 1243; x_wconf 89' lang='lat' dir='ltr'>venae,</span> <span class='ocrx_word' id='word_1_107' title='bbox 728 1182 826 1233; x_wconf 90' lang='lat' dir='ltr'>etsi</span> <span class='ocrx_word' id='word_1_108' title='bbox 865 1199 971 1232; x_wconf 91' lang='lat' dir='ltr'>non</span> <span class='ocrx_word' id='word_1_109' title='bbox 1009 1198 1392 1248; x_wconf 88' lang='lat' dir='ltr'>usquequaque</span> <span class='ocrx_word' id='word_1_110' title='bbox 1430 1198 1611 1247; x_wconf 89' lang='lat' dir='ltr'>purae,</span> <span class='ocrx_word' id='word_1_111' title='bbox 1652 1181 1950 1231; x_wconf 88' lang='lat' dir='ltr'>uberrimae</span> <span class='ocrx_word' id='word_1_112' title='bbox 1988 1190 2181 1240; x_wconf 90' lang='lat' dir='ltr'>tamen,</span> <span class='ocrx_word' id='word_1_113' title='bbox 2222 1179 2319 1229; x_wconf 90' lang='lat' dir='ltr'>mi-</span> 
     </span>
     <span class='ocr_line' id='line_1_14' title="bbox 267 1268 1887 1337; baseline 0.001 -16"><span class='ocrx_word' id='word_1_114' title='bbox 267 1288 462 1337; x_wconf 88' lang='lat' dir='ltr'>raeque</span> <span class='ocrx_word' id='word_1_115' title='bbox 501 1269 763 1321; x_wconf 87' lang='lat' dir='ltr'>felicitatis</span> <span class='ocrx_word' id='word_1_116' title='bbox 802 1281 855 1321; x_wconf 90' lang='lat' dir='ltr'>et</span> <span class='ocrx_word' id='word_1_117' title='bbox 892 1269 1158 1320; x_wconf 84' lang='lat' dir='ltr'>facilitatis</span> <span class='ocrx_word' id='word_1_118' title='bbox 1196 1270 1249 1320; x_wconf 89' lang='lat' dir='ltr'>in</span> <span class='ocrx_word' id='word_1_119' title='bbox 1286 1270 1444 1320; x_wconf 86' lang='lat' dir='ltr'>rebus</span> <span class='ocrx_word' id='word_1_120' title='bbox 1481 1268 1806 1335; x_wconf 87' lang='lat' dir='ltr'>explicandis</span> <span class='ocrx_word' id='word_1_121' title='bbox 1835 1286 1887 1322; x_wconf 84' lang='lat'>›&gt;.</span> 
     </span>
    </p>

    <p class='ocr_par' dir='ltr' id='par_1_4' title="bbox 266 1347 2325 1679">
     <span class='ocr_line' id='line_1_15' title="bbox 416 1347 2322 1424; baseline -0.003 -14"><span class='ocrx_word' id='word_1_122' title='bbox 416 1359 632 1410; x_wconf 92' lang='lat' dir='ltr'>Utinam</span> <span class='ocrx_word' id='word_1_123' title='bbox 673 1358 862 1409; x_wconf 89' lang='lat' dir='ltr'>debilis</span> <span class='ocrx_word' id='word_1_124' title='bbox 888 1347 1068 1409; x_wconf 85' lang='lat' dir='ltr'>noster</span> <span class='ocrx_word' id='word_1_125' title='bbox 1093 1368 1316 1408; x_wconf 88' lang='lat' dir='ltr'>conatus</span> <span class='ocrx_word' id='word_1_126' title='bbox 1341 1357 1542 1424; x_wconf 90' lang='lat' dir='ltr'>aliquid</span> <span class='ocrx_word' id='word_1_127' title='bbox 1581 1357 1880 1408; x_wconf 88' lang='lat' dir='ltr'>contribuat</span> <span class='ocrx_word' id='word_1_128' title='bbox 1906 1356 1975 1406; x_wconf 90' lang='lat' dir='ltr'>ad</span> <span class='ocrx_word' id='word_1_129' title='bbox 2001 1355 2322 1419; x_wconf 86' lang='lat' dir='ltr'>condignam</span> 
     </span>
     <span class='ocr_line' id='line_1_16' title="bbox 267 1444 2322 1512; baseline -0.002 -14"><span class='ocrx_word' id='word_1_130' title='bbox 267 1447 696 1501; x_wconf 64' lang='lat' dir='ltr'>aestimationem&gt;</span> <span class='ocrx_word' id='word_1_131' title='bbox 729 1458 782 1498; x_wconf 92' lang='lat' dir='ltr'>et</span> <span class='ocrx_word' id='word_1_132' title='bbox 819 1465 870 1498; x_wconf 78' lang='lat' dir='ltr'>v,</span> <span class='ocrx_word' id='word_1_133' title='bbox 909 1464 991 1512; x_wconf 88' lang='lat' dir='ltr'>gr.</span> <span class='ocrx_word' id='word_1_134' title='bbox 1032 1463 1196 1498; x_wconf 89' lang='lat' dir='ltr'>unum</span> <span class='ocrx_word' id='word_1_135' title='bbox 1234 1464 1264 1497; x_wconf 95' lang='lat' dir='ltr'>e</span> <span class='ocrx_word' id='word_1_136' title='bbox 1297 1447 1491 1497; x_wconf 86' lang='lat' dir='ltr'>nostris</span> <span class='ocrx_word' id='word_1_137' title='bbox 1531 1446 1711 1497; x_wconf 89' lang='lat' dir='ltr'>incitet</span> <span class='ocrx_word' id='word_1_138' title='bbox 1748 1447 1818 1496; x_wconf 92' lang='lat' dir='ltr'>ad</span> <span class='ocrx_word' id='word_1_139' title='bbox 1856 1444 2156 1510; x_wconf 89' lang='lat' dir='ltr'>eligendam</span> <span class='ocrx_word' id='word_1_140' title='bbox 2197 1451 2322 1508; x_wconf 71' lang='lat' dir='ltr'>poe-</span> 
     </span>
     <span class='ocr_line' id='line_1_17' title="bbox 266 1533 2325 1602; baseline -0.002 -15"><span class='ocrx_word' id='word_1_141' title='bbox 266 1537 346 1587; x_wconf 90' lang='lat' dir='ltr'>sin</span> <span class='ocrx_word' id='word_1_142' title='bbox 388 1536 660 1587; x_wconf 90' lang='lat' dir='ltr'>Mantuani</span> <span class='ocrx_word' id='word_1_143' title='bbox 698 1554 798 1602; x_wconf 88' lang='lat' dir='ltr'>pro</span> <span class='ocrx_word' id='word_1_144' title='bbox 835 1536 1058 1586; x_wconf 90' lang='lat' dir='ltr'>solemni</span> <span class='ocrx_word' id='word_1_145' title='bbox 1102 1535 1239 1586; x_wconf 90' lang='lat' dir='ltr'>thesi</span> <span class='ocrx_word' id='word_1_146' title='bbox 1278 1535 1536 1586; x_wconf 88' lang='lat' dir='ltr'>doctorali</span> <span class='ocrx_word' id='word_1_147' title='bbox 1575 1536 1628 1585; x_wconf 91' lang='lat' dir='ltr'>in</span> <span class='ocrx_word' id='word_1_148' title='bbox 1666 1534 1845 1600; x_wconf 91' lang='lat' dir='ltr'>aliqua</span> <span class='ocrx_word' id='word_1_149' title='bbox 1891 1533 2233 1584; x_wconf 88' lang='lat' dir='ltr'>universitate</span> <span class='ocrx_word' id='word_1_150' title='bbox 2270 1541 2325 1582; x_wconf 91' lang='lat' dir='ltr'>et</span> 
     </span>
     <span class='ocr_line' id='line_1_18' title="bbox 267 1625 1141 1679; baseline 0 -2"><span class='ocrx_word' id='word_1_151' title='bbox 267 1626 682 1677; x_wconf 90' lang='lat' dir='ltr'>continuandum</span> <span class='ocrx_word' id='word_1_152' title='bbox 721 1625 851 1675; x_wconf 91' lang='lat' dir='ltr'>illud</span> <span class='ocrx_word' id='word_1_153' title='bbox 890 1625 1141 1679; x_wconf 88' lang='lat' dir='ltr'>studium.</span> 
     </span>
    </p>
   </div>
   <div class='ocr_carea' id='block_1_3' title="bbox 1432 1727 2172 1778">
    <p class='ocr_par' dir='ltr' id='par_1_5' title="bbox 1432 1727 2172 1778">
     <span class='ocr_line' id='line_1_19' title="bbox 1432 1727 2172 1778; baseline -0.005 0"><span class='ocrx_word' id='word_1_154' title='bbox 1432 1729 1518 1778; x_wconf 87' lang='lat' dir='ltr'>Fr.</span> <span class='ocrx_word' id='word_1_155' title='bbox 1561 1728 1832 1778; x_wconf 77' lang='lat' dir='ltr'>GABRIEL</span> <span class='ocrx_word' id='word_1_156' title='bbox 1872 1727 2172 1776; x_wconf 81' lang='lat' dir='ltr'>WESSELS.</span> 
     </span>
    </p>
   </div>
   <div class='ocr_carea' id='block_1_4' title="bbox 267 1945 2327 3405">
    <p class='ocr_par' dir='ltr' id='par_1_6' title="bbox 267 1945 2324 2518">
     <span class='ocr_line' id='line_1_20' title="bbox 267 1945 2324 2002; baseline -0.002 -10"><span class='ocrx_word' id='word_1_157' title='bbox 267 1951 415 2002; x_wconf 82' lang='lat' dir='ltr'>tiana,</span> <span class='ocrx_word' id='word_1_158' title='bbox 450 1949 755 2000; x_wconf 87' lang='lat' dir='ltr'>Daventriae,</span> <span class='ocrx_word' id='word_1_159' title='bbox 795 1960 922 2002; x_wconf 75' lang='lat'>1492,</span> <span class='ocrx_word' id='word_1_160' title='bbox 956 1950 1128 1991; x_wconf 87' lang='lat' dir='ltr'>eadem</span> <span class='ocrx_word' id='word_1_161' title='bbox 1169 1961 1292 2001; x_wconf 86' lang='grc'>1497,</span> <span class='ocrx_word' id='word_1_162' title='bbox 1314 1949 1487 1991; x_wconf 88' lang='lat' dir='ltr'>eadem</span> <span class='ocrx_word' id='word_1_163' title='bbox 1525 1951 1651 2001; x_wconf 87' lang='lat'>1498.</span> <span class='ocrx_word' id='word_1_164' title='bbox 1678 1947 1959 1990; x_wconf 87' lang='lat' dir='ltr'>Parthenice</span> <span class='ocrx_word' id='word_1_165' title='bbox 1991 1945 2206 1989; x_wconf 89' lang='lat' dir='ltr'>secunda</span> <span class='ocrx_word' id='word_1_166' title='bbox 2227 1945 2324 1988; x_wconf 90' lang='lat' dir='ltr'>Da-</span> 
     </span>
     <span class='ocr_line' id='line_1_21' title="bbox 268 2020 2319 2082; baseline -0.002 -16"><span class='ocrx_word' id='word_1_167' title='bbox 268 2024 482 2068; x_wconf 86' lang='lat' dir='ltr'>ventriae</span> <span class='ocrx_word' id='word_1_168' title='bbox 519 2034 646 2078; x_wconf 85' lang='grc'>1497,</span> <span class='ocrx_word' id='word_1_169' title='bbox 680 2023 885 2066; x_wconf 87' lang='lat' dir='ltr'>Swollae</span> <span class='ocrx_word' id='word_1_170' title='bbox 924 2034 1050 2075; x_wconf 84' lang='lat'>1497.</span> <span class='ocrx_word' id='word_1_171' title='bbox 1084 2022 1165 2065; x_wconf 90' lang='lat' dir='ltr'>Ad</span> <span class='ocrx_word' id='word_1_172' title='bbox 1200 2021 1324 2065; x_wconf 91' lang='lat' dir='ltr'>Lud.</span> <span class='ocrx_word' id='word_1_173' title='bbox 1361 2022 1709 2082; x_wconf 82' lang='lat' dir='ltr'>Fuscararium,</span> <span class='ocrx_word' id='word_1_174' title='bbox 1747 2020 2038 2064; x_wconf 87' lang='lat' dir='ltr'>Daventriae</span> <span class='ocrx_word' id='word_1_175' title='bbox 2059 2021 2183 2063; x_wconf 88' lang='lat' dir='ltr'>circa</span> <span class='ocrx_word' id='word_1_176' title='bbox 2214 2031 2319 2072; x_wconf 86' lang='grc'>1491</span> 
     </span>
     <span class='ocr_line' id='line_1_22' title="bbox 268 2093 2320 2150; baseline -0.003 -9"><span class='ocrx_word' id='word_1_177' title='bbox 268 2104 318 2142; x_wconf 90' lang='grc'>01</span> <span class='ocrx_word' id='word_1_178' title='bbox 353 2100 480 2150; x_wconf 88' lang='grc'>1498,</span> <span class='ocrx_word' id='word_1_179' title='bbox 512 2102 605 2140; x_wconf 87' lang='grc'>010.</span> <span class='ocrx_word' id='word_1_180' title='bbox 640 2095 747 2140; x_wconf 88' lang='lat' dir='ltr'>Alia</span> <span class='ocrx_word' id='word_1_181' title='bbox 783 2109 932 2150; x_wconf 86' lang='lat' dir='ltr'>opera</span> <span class='ocrx_word' id='word_1_182' title='bbox 966 2094 1258 2139; x_wconf 87' lang='lat' dir='ltr'>Daventriae</span> <span class='ocrx_word' id='word_1_183' title='bbox 1294 2108 1428 2149; x_wconf 90' lang='grc'>1500.</span> <span class='ocrx_word' id='word_1_184' title='bbox 1465 2096 1541 2139; x_wconf 91' lang='lat' dir='ltr'>De</span> <span class='ocrx_word' id='word_1_185' title='bbox 1580 2094 1826 2146; x_wconf 79' lang='lat' dir='ltr'>Patientia,</span> <span class='ocrx_word' id='word_1_186' title='bbox 1863 2093 2150 2136; x_wconf 89' lang='lat' dir='ltr'>Daventriae</span> <span class='ocrx_word' id='word_1_187' title='bbox 2190 2094 2320 2146; x_wconf 83' lang='lat'>1498.</span> 
     </span>
     <span class='ocr_line' id='line_1_23' title="bbox 271 2167 2320 2226; baseline -0.003 -12"><span class='ocrx_word' id='word_1_188' title='bbox 271 2171 374 2215; x_wconf 91' lang='lat' dir='ltr'>Alia</span> <span class='ocrx_word' id='word_1_189' title='bbox 405 2183 556 2226; x_wconf 88' lang='lat' dir='ltr'>opera</span> <span class='ocrx_word' id='word_1_190' title='bbox 587 2171 880 2214; x_wconf 88' lang='lat' dir='ltr'>Daventriae</span> <span class='ocrx_word' id='word_1_191' title='bbox 907 2182 1035 2223; x_wconf 88' lang='grc'>1497.</span> <span class='ocrx_word' id='word_1_192' title='bbox 1063 2170 1138 2213; x_wconf 90' lang='lat' dir='ltr'>De</span> <span class='ocrx_word' id='word_1_193' title='bbox 1162 2168 1525 2213; x_wconf 84' lang='lat' dir='ltr'>Calamitatibus</span> <span class='ocrx_word' id='word_1_194' title='bbox 1545 2175 1836 2222; x_wconf 87' lang='lat' dir='ltr'>temporum,</span> <span class='ocrx_word' id='word_1_195' title='bbox 1864 2167 2154 2210; x_wconf 86' lang='lat' dir='ltr'>Daventriae</span> <span class='ocrx_word' id='word_1_196' title='bbox 2193 2176 2320 2218; x_wconf 89' lang='grc'>1495.</span> 
     </span>
     <span class='ocr_line' id='line_1_24' title="bbox 272 2239 2323 2298; baseline -0.004 -9"><span class='ocrx_word' id='word_1_197' title='bbox 272 2246 553 2290; x_wconf 74' lang='lat' dir='ltr'>parthenice</span> <span class='ocrx_word' id='word_1_198' title='bbox 598 2247 712 2298; x_wconf 86' lang='grc'>1518</span> <span class='ocrx_word' id='word_1_199' title='bbox 743 2244 1066 2298; x_wconf 86' lang='lat' dir='ltr'>Argentorati.</span> <span class='ocrx_word' id='word_1_200' title='bbox 1098 2243 1204 2287; x_wconf 88' lang='lat' dir='ltr'>Alia</span> <span class='ocrx_word' id='word_1_201' title='bbox 1246 2256 1395 2298; x_wconf 88' lang='lat' dir='ltr'>opera</span> <span class='ocrx_word' id='word_1_202' title='bbox 1427 2242 1614 2286; x_wconf 88' lang='lat' dir='ltr'>Parisiis</span> <span class='ocrx_word' id='word_1_203' title='bbox 1658 2253 1783 2295; x_wconf 88' lang='grc'>1494,</span> <span class='ocrx_word' id='word_1_204' title='bbox 1822 2241 2035 2285; x_wconf 86' lang='lat' dir='ltr'>Basileae</span> <span class='ocrx_word' id='word_1_205' title='bbox 2072 2251 2201 2293; x_wconf 83' lang='grc'>1490.</span> <span class='ocrx_word' id='word_1_206' title='bbox 2233 2239 2323 2282; x_wconf 88' lang='lat' dir='ltr'>alia</span> 
     </span>
     <span class='ocr_line' id='line_1_25' title="bbox 270 2315 2321 2371; baseline -0.003 -8"><span class='ocrx_word' id='word_1_207' title='bbox 270 2321 373 2363; x_wconf 90' lang='lat' dir='ltr'>sine</span> <span class='ocrx_word' id='word_1_208' title='bbox 404 2321 508 2362; x_wconf 88' lang='lat' dir='ltr'>loco</span> <span class='ocrx_word' id='word_1_209' title='bbox 538 2325 589 2361; x_wconf 89' lang='lat' dir='ltr'>et</span> <span class='ocrx_word' id='word_1_210' title='bbox 618 2331 764 2370; x_wconf 86' lang='lat' dir='ltr'>anno,</span> <span class='ocrx_word' id='word_1_211' title='bbox 799 2318 890 2361; x_wconf 90' lang='lat' dir='ltr'>alia</span> <span class='ocrx_word' id='word_1_212' title='bbox 941 2331 1071 2371; x_wconf 88' lang='grc'>1494.</span> <span class='ocrx_word' id='word_1_213' title='bbox 1103 2318 1179 2361; x_wconf 91' lang='lat' dir='ltr'>De</span> <span class='ocrx_word' id='word_1_214' title='bbox 1210 2318 1306 2361; x_wconf 87' lang='lat' dir='ltr'>vita</span> <span class='ocrx_word' id='word_1_215' title='bbox 1337 2317 1480 2360; x_wconf 88' lang='lat' dir='ltr'>beata</span> <span class='ocrx_word' id='word_1_216' title='bbox 1518 2328 1630 2370; x_wconf 88' lang='grc'>1474</span> <span class='ocrx_word' id='word_1_217' title='bbox 1661 2315 1831 2367; x_wconf 87' lang='lat' dir='ltr'>Alosti,</span> <span class='ocrx_word' id='word_1_218' title='bbox 1866 2315 1957 2358; x_wconf 88' lang='lat' dir='ltr'>alia</span> <span class='ocrx_word' id='word_1_219' title='bbox 2001 2327 2151 2368; x_wconf 87' lang='lat' dir='ltr'>opera</span> <span class='ocrx_word' id='word_1_220' title='bbox 2189 2325 2321 2367; x_wconf 86' lang='lat'>1510.</span> 
     </span>
     <span class='ocr_line' id='line_1_26' title="bbox 272 2387 2323 2446; baseline -0.003 -10"><span class='ocrx_word' id='word_1_221' title='bbox 272 2394 458 2436; x_wconf 88' lang='lat' dir='ltr'>Novem</span> <span class='ocrx_word' id='word_1_222' title='bbox 503 2404 652 2446; x_wconf 85' lang='lat' dir='ltr'>opera</span> <span class='ocrx_word' id='word_1_223' title='bbox 685 2390 874 2438; x_wconf 85' lang='lat' dir='ltr'>Parisiis</span> <span class='ocrx_word' id='word_1_224' title='bbox 924 2402 1053 2444; x_wconf 87' lang='grc'>1507.</span> <span class='ocrx_word' id='word_1_225' title='bbox 1086 2390 1160 2433; x_wconf 91' lang='lat' dir='ltr'>De</span> <span class='ocrx_word' id='word_1_226' title='bbox 1194 2389 1574 2441; x_wconf 77' lang='lat' dir='ltr'>calamitatibus,</span> <span class='ocrx_word' id='word_1_227' title='bbox 1609 2395 1701 2433; x_wconf 90' lang='grc'>010.</span> <span class='ocrx_word' id='word_1_228' title='bbox 1740 2388 2035 2438; x_wconf 87' lang='lat' dir='ltr'>Kreuznach,</span> <span class='ocrx_word' id='word_1_229' title='bbox 2072 2399 2202 2440; x_wconf 89' lang='grc'>1494.</span> <span class='ocrx_word' id='word_1_230' title='bbox 2234 2387 2323 2430; x_wconf 89' lang='lat' dir='ltr'>Bu·</span> 
     </span>
     <span class='ocr_line' id='line_1_27' title="bbox 271 2465 1092 2518; baseline -0.002 -8"><span class='ocrx_word' id='word_1_231' title='bbox 271 2467 422 2510; x_wconf 84' lang='lat' dir='ltr'>colica</span> <span class='ocrx_word' id='word_1_232' title='bbox 455 2465 693 2511; x_wconf 82' lang='lat' dir='ltr'>Pictaviis.</span> <span class='ocrx_word' id='word_1_233' title='bbox 715 2467 840 2518; x_wconf 88' lang='grc'>1498,</span> <span class='ocrx_word' id='word_1_234' title='bbox 875 2470 967 2508; x_wconf 86' lang='grc'>010.</span> <span class='ocrx_word' id='word_1_235' title='bbox 997 2470 1092 2508; x_wconf 88' lang='grc'>010.</span> 
     </span>
    </p>

    <p class='ocr_par' dir='ltr' id='par_1_7' title="bbox 272 2535 2327 2806">
     <span class='ocr_line' id='line_1_28' title="bbox 393 2535 2323 2591; baseline -0.003 -8"><span class='ocrx_word' id='word_1_236' title='bbox 393 2540 520 2584; x_wconf 89' lang='lat' dir='ltr'>Libri</span> <span class='ocrx_word' id='word_1_237' title='bbox 554 2540 663 2583; x_wconf 84' lang='lat' dir='ltr'>XII.</span> <span class='ocrx_word' id='word_1_238' title='bbox 698 2539 774 2582; x_wconf 85' lang='lat' dir='ltr'>De</span> <span class='ocrx_word' id='word_1_239' title='bbox 802 2539 952 2582; x_wconf 82' lang='lat' dir='ltr'>sacris</span> <span class='ocrx_word' id='word_1_240' title='bbox 977 2537 1131 2582; x_wconf 83' lang='lat' dir='ltr'>diebus</span> <span class='ocrx_word' id='word_1_241' title='bbox 1159 2539 1274 2582; x_wconf 88' lang='lat' dir='ltr'>editi</span> <span class='ocrx_word' id='word_1_242' title='bbox 1309 2548 1420 2582; x_wconf 90' lang='lat' dir='ltr'>sunt</span> <span class='ocrx_word' id='word_1_243' title='bbox 1461 2539 1604 2583; x_wconf 84' lang='lat' dir='ltr'>etiam</span> <span class='ocrx_word' id='word_1_244' title='bbox 1651 2538 1698 2581; x_wconf 89' lang='lat' dir='ltr'>in</span> <span class='ocrx_word' id='word_1_245' title='bbox 1742 2537 2024 2590; x_wconf 86' lang='lat' dir='ltr'>Strassburg</span> <span class='ocrx_word' id='word_1_246' title='bbox 2065 2535 2323 2591; x_wconf 86' lang='lat' dir='ltr'>(Argento-</span> 
     </span>
     <span class='ocr_line' id='line_1_29' title="bbox 272 2608 2322 2670; baseline -0.003 -12"><span class='ocrx_word' id='word_1_247' title='bbox 272 2615 380 2670; x_wconf 89' lang='lat' dir='ltr'>rati)</span> <span class='ocrx_word' id='word_1_248' title='bbox 421 2627 552 2668; x_wconf 82' lang='lat'>1520,</span> <span class='ocrx_word' id='word_1_249' title='bbox 586 2620 636 2656; x_wconf 92' lang='lat' dir='ltr'>et</span> <span class='ocrx_word' id='word_1_250' title='bbox 669 2613 799 2657; x_wconf 89' lang='lat' dir='ltr'>Libri</span> <span class='ocrx_word' id='word_1_251' title='bbox 837 2614 902 2656; x_wconf 87' lang='lat'>111</span> <span class='ocrx_word' id='word_1_252' title='bbox 936 2612 1238 2657; x_wconf 78' lang='lat' dir='ltr'>Parthenices</span> <span class='ocrx_word' id='word_1_253' title='bbox 1268 2613 1518 2656; x_wconf 79' lang='lat' dir='ltr'>Marianae</span> <span class='ocrx_word' id='word_1_254' title='bbox 1549 2625 1659 2655; x_wconf 91' lang='lat' dir='ltr'>cum</span> <span class='ocrx_word' id='word_1_255' title='bbox 1694 2624 1720 2663; x_wconf 90' lang='grc'>4</span> <span class='ocrx_word' id='word_1_256' title='bbox 1751 2611 1853 2654; x_wconf 84' lang='lat' dir='ltr'>aliis</span> <span class='ocrx_word' id='word_1_257' title='bbox 1885 2609 2129 2654; x_wconf 87' lang='lat' dir='ltr'>Mantuani</span> <span class='ocrx_word' id='word_1_258' title='bbox 2162 2608 2322 2664; x_wconf 89' lang='lat' dir='ltr'>parvis</span> 
     </span>
     <span class='ocr_line' id='line_1_30' title="bbox 272 2680 2327 2742; baseline -0.003 -11"><span class='ocrx_word' id='word_1_259' title='bbox 272 2688 583 2732; x_wconf 76' lang='lat' dir='ltr'>poematibus</span> <span class='ocrx_word' id='word_1_260' title='bbox 615 2688 661 2730; x_wconf 89' lang='lat' dir='ltr'>in</span> <span class='ocrx_word' id='word_1_261' title='bbox 696 2687 928 2738; x_wconf 88' lang='lat' dir='ltr'>honorem</span> <span class='ocrx_word' id='word_1_262' title='bbox 963 2688 1014 2730; x_wconf 89' lang='lat' dir='ltr'>B.</span> <span class='ocrx_word' id='word_1_263' title='bbox 1052 2688 1117 2730; x_wconf 88' lang='lat' dir='ltr'>M.</span> <span class='ocrx_word' id='word_1_264' title='bbox 1155 2687 1214 2730; x_wconf 92' lang='lat' dir='ltr'>V.</span> <span class='ocrx_word' id='word_1_265' title='bbox 1249 2700 1446 2742; x_wconf 88' lang='lat' dir='ltr'>quoque</span> <span class='ocrx_word' id='word_1_266' title='bbox 1479 2686 1683 2740; x_wconf 87' lang='lat' dir='ltr'>Neapoli</span> <span class='ocrx_word' id='word_1_267' title='bbox 1722 2688 1839 2738; x_wconf 87' lang='grc'>1854</span> <span class='ocrx_word' id='word_1_268' title='bbox 1870 2684 1918 2727; x_wconf 88' lang='grc'>111</span> <span class='ocrx_word' id='word_1_269' title='bbox 1949 2696 2122 2738; x_wconf 81' lang='lat' dir='ltr'>opere:</span> <span class='ocrx_word' id='word_1_270' title='bbox 2174 2680 2327 2726; x_wconf 85' lang='lat' dir='ltr'>Laudi</span> 
     </span>
     <span class='ocr_line' id='line_1_31' title="bbox 273 2761 939 2806; baseline -0.003 -1"><span class='ocrx_word' id='word_1_271' title='bbox 273 2761 493 2806; x_wconf 80' lang='lat' dir='ltr'>Mariane</span> <span class='ocrx_word' id='word_1_272' title='bbox 522 2774 549 2804; x_wconf 92' lang='lat' dir='ltr'>a</span> <span class='ocrx_word' id='word_1_273' title='bbox 584 2762 663 2804; x_wconf 89' lang='lat' dir='ltr'>Fr.</span> <span class='ocrx_word' id='word_1_274' title='bbox 701 2761 939 2804; x_wconf 90' lang='lat' dir='ltr'>Martello.</span> 
     </span>
    </p>

    <p class='ocr_par' dir='ltr' id='par_1_8' title="bbox 272 2829 2323 3259">
     <span class='ocr_line' id='line_1_32' title="bbox 396 2829 2322 2890; baseline -0.003 -11"><span class='ocrx_word' id='word_1_275' title='bbox 396 2835 551 2880; x_wconf 87' lang='lat' dir='ltr'>Prima</span> <span class='ocrx_word' id='word_1_276' title='bbox 581 2834 730 2878; x_wconf 89' lang='lat' dir='ltr'>editio</span> <span class='ocrx_word' id='word_1_277' title='bbox 759 2847 961 2890; x_wconf 86' lang='lat' dir='ltr'>operum</span> <span class='ocrx_word' id='word_1_278' title='bbox 995 2835 1362 2888; x_wconf 86' lang='lat' dir='ltr'>praecipuorum</span> <span class='ocrx_word' id='word_1_279' title='bbox 1395 2847 1422 2876; x_wconf 93' lang='lat' dir='ltr'>a</span> <span class='ocrx_word' id='word_1_280' title='bbox 1454 2833 1663 2877; x_wconf 87' lang='lat' dir='ltr'>Graesse</span> <span class='ocrx_word' id='word_1_281' title='bbox 1697 2832 1844 2876; x_wconf 90' lang='lat' dir='ltr'>relata</span> <span class='ocrx_word' id='word_1_282' title='bbox 1892 2834 1959 2887; x_wconf 89' lang='lat' dir='ltr'>(p.</span> <span class='ocrx_word' id='word_1_283' title='bbox 2002 2844 2050 2883; x_wconf 89' lang='grc'>17</span> <span class='ocrx_word' id='word_1_284' title='bbox 2083 2829 2224 2886; x_wconf 80' lang='lat' dir='ltr'>infra)</span> <span class='ocrx_word' id='word_1_285' title='bbox 2257 2829 2322 2873; x_wconf 84' lang='lat' dir='ltr'>vi·</span> 
     </span>
     <span class='ocr_line' id='line_1_33' title="bbox 274 2901 2321 2962; baseline -0.003 -10"><span class='ocrx_word' id='word_1_286' title='bbox 274 2910 415 2952; x_wconf 89' lang='lat' dir='ltr'>detur</span> <span class='ocrx_word' id='word_1_287' title='bbox 445 2910 619 2952; x_wconf 88' lang='lat' dir='ltr'>eadem</span> <span class='ocrx_word' id='word_1_288' title='bbox 651 2920 761 2952; x_wconf 88' lang='lat' dir='ltr'>esse</span> <span class='ocrx_word' id='word_1_289' title='bbox 791 2921 849 2951; x_wconf 91' lang='lat' dir='ltr'>ac</span> <span class='ocrx_word' id='word_1_290' title='bbox 879 2908 1030 2951; x_wconf 89' lang='lat' dir='ltr'>editio</span> <span class='ocrx_word' id='word_1_291' title='bbox 1063 2908 1309 2951; x_wconf 86' lang='lat' dir='ltr'>Bononiae</span> <span class='ocrx_word' id='word_1_292' title='bbox 1346 2920 1456 2960; x_wconf 85' lang='lat'>1502</span> <span class='ocrx_word' id='word_1_293' title='bbox 1491 2909 1556 2962; x_wconf 88' lang='lat' dir='ltr'>(p.</span> <span class='ocrx_word' id='word_1_294' title='bbox 1600 2908 1688 2962; x_wconf 91' lang='grc'>16).</span> <span class='ocrx_word' id='word_1_295' title='bbox 1725 2906 1901 2950; x_wconf 84' lang='lat' dir='ltr'>Deficit</span> <span class='ocrx_word' id='word_1_296' title='bbox 1930 2911 2116 2948; x_wconf 88' lang='lat' dir='ltr'>tantum</span> <span class='ocrx_word' id='word_1_297' title='bbox 2137 2904 2186 2947; x_wconf 88' lang='lat' dir='ltr'>in</span> <span class='ocrx_word' id='word_1_298' title='bbox 2207 2901 2321 2947; x_wconf 83' lang='lat' dir='ltr'>fine.</span> 
     </span>
     <span class='ocr_line' id='line_1_34' title="bbox 275 2974 2319 3037; baseline -0.002 -13"><span class='ocrx_word' id='word_1_299' title='bbox 275 2982 355 3026; x_wconf 82' lang='lat' dir='ltr'>Ad</span> <span class='ocrx_word' id='word_1_300' title='bbox 381 2974 626 3027; x_wconf 68' lang='lat' dir='ltr'>Falconem</span> <span class='ocrx_word' id='word_1_301' title='bbox 654 2980 830 3025; x_wconf 82' lang='lat' dir='ltr'>libellus</span> <span class='ocrx_word' id='word_1_302' title='bbox 859 2982 909 3025; x_wconf 84' lang='lat' dir='ltr'>in</span> <span class='ocrx_word' id='word_1_303' title='bbox 937 2981 1287 3037; x_wconf 83' lang='lat' dir='ltr'>epigrammatis</span> <span class='ocrx_word' id='word_1_304' title='bbox 1316 2980 1393 3023; x_wconf 81' lang='lat' dir='ltr'>lib.</span> <span class='ocrx_word' id='word_1_305' title='bbox 1429 2980 1469 3023; x_wconf 92' lang='lat' dir='ltr'>l.</span> <span class='ocrx_word' id='word_1_306' title='bbox 1509 2982 1561 3024; x_wconf 84' lang='lat' dir='ltr'>In</span> <span class='ocrx_word' id='word_1_307' title='bbox 1595 2979 1672 3023; x_wconf 86' lang='lat' dir='ltr'>illa</span> <span class='ocrx_word' id='word_1_308' title='bbox 1718 2980 1882 3023; x_wconf 87' lang='lat' dir='ltr'>titulus</span> <span class='ocrx_word' id='word_1_309' title='bbox 1914 2980 2103 3022; x_wconf 88' lang='lat' dir='ltr'>videtur</span> <span class='ocrx_word' id='word_1_310' title='bbox 2146 2978 2319 3021; x_wconf 89' lang='lat' dir='ltr'>iterum</span> 
     </span>
     <span class='ocr_line' id='line_1_35' title="bbox 272 3049 2320 3114; baseline -0.004 -12"><span class='ocrx_word' id='word_1_311' title='bbox 272 3059 549 3114; x_wconf 86' lang='lat' dir='ltr'>impressus,</span> <span class='ocrx_word' id='word_1_312' title='bbox 585 3057 709 3101; x_wconf 88' lang='grc'>510111</span> <span class='ocrx_word' id='word_1_313' title='bbox 740 3056 1077 3099; x_wconf 88' lang='lat' dir='ltr'>adnotavimus</span> <span class='ocrx_word' id='word_1_314' title='bbox 1109 3057 1172 3098; x_wconf 90' lang='lat' dir='ltr'>de</span> <span class='ocrx_word' id='word_1_315' title='bbox 1204 3056 1283 3098; x_wconf 86' lang='lat' dir='ltr'>ed.</span> <span class='ocrx_word' id='word_1_316' title='bbox 1328 3057 1437 3109; x_wconf 89' lang='grc'>1576</span> <span class='ocrx_word' id='word_1_317' title='bbox 1469 3067 1516 3109; x_wconf 86' lang='lat' dir='ltr'>p.</span> <span class='ocrx_word' id='word_1_318' title='bbox 1552 3056 1622 3098; x_wconf 88' lang='lat'>16.</span> <span class='ocrx_word' id='word_1_319' title='bbox 1661 3054 1714 3097; x_wconf 89' lang='lat' dir='ltr'>In</span> <span class='ocrx_word' id='word_1_320' title='bbox 1746 3055 1824 3097; x_wconf 89' lang='lat' dir='ltr'>ed.</span> <span class='ocrx_word' id='word_1_321' title='bbox 1861 3065 1973 3107; x_wconf 87' lang='lat'>1513</span> <span class='ocrx_word' id='word_1_322' title='bbox 2011 3052 2156 3096; x_wconf 87' lang='lat' dir='ltr'>etiam</span> <span class='ocrx_word' id='word_1_323' title='bbox 2198 3049 2320 3094; x_wconf 88' lang='lat' dir='ltr'>tituli</span> 
     </span>
     <span class='ocr_line' id='line_1_36' title="bbox 274 3126 2323 3185; baseline -0.003 -10"><span class='ocrx_word' id='word_1_324' title='bbox 274 3132 449 3175; x_wconf 89' lang='lat' dir='ltr'>diversi</span> <span class='ocrx_word' id='word_1_325' title='bbox 481 3131 721 3174; x_wconf 87' lang='lat' dir='ltr'>existunt:</span> <span class='ocrx_word' id='word_1_326' title='bbox 757 3129 915 3185; x_wconf 88' lang='lat' dir='ltr'>aliqua</span> <span class='ocrx_word' id='word_1_327' title='bbox 946 3141 1026 3173; x_wconf 86' lang='lat' dir='ltr'>ex.</span> <span class='ocrx_word' id='word_1_328' title='bbox 1062 3129 1243 3173; x_wconf 88' lang='lat' dir='ltr'>habent</span> <span class='ocrx_word' id='word_1_329' title='bbox 1273 3129 1477 3183; x_wconf 87' lang='lat' dir='ltr'>insiquia</span> <span class='ocrx_word' id='word_1_330' title='bbox 1510 3127 1569 3172; x_wconf 86' lang='lat' dir='ltr'>Di</span> <span class='ocrx_word' id='word_1_331' title='bbox 1604 3129 1754 3180; x_wconf 88' lang='lat' dir='ltr'>Roce,</span> <span class='ocrx_word' id='word_1_332' title='bbox 1788 3128 1878 3171; x_wconf 85' lang='lat' dir='ltr'>alia</span> <span class='ocrx_word' id='word_1_333' title='bbox 1912 3126 1969 3170; x_wconf 81' lang='lat' dir='ltr'>Di</span> <span class='ocrx_word' id='word_1_334' title='bbox 2005 3127 2125 3170; x_wconf 88' lang='lat' dir='ltr'>Petit</span> <span class='ocrx_word' id='word_1_335' title='bbox 2154 3130 2203 3170; x_wconf 88' lang='lat' dir='ltr'>et</span> <span class='ocrx_word' id='word_1_336' title='bbox 2241 3136 2323 3168; x_wconf 88' lang='lat' dir='ltr'>ve-</span> 
     </span>
     <span class='ocr_line' id='line_1_37' title="bbox 274 3203 1387 3259; baseline -0.004 -9"><span class='ocrx_word' id='word_1_337' title='bbox 274 3207 549 3250; x_wconf 89' lang='lat' dir='ltr'>nundantur</span> <span class='ocrx_word' id='word_1_338' title='bbox 579 3205 708 3259; x_wconf 86' lang='lat' dir='ltr'>apud</span> <span class='ocrx_word' id='word_1_339' title='bbox 739 3204 939 3247; x_wconf 88' lang='lat' dir='ltr'>eosdem</span> <span class='ocrx_word' id='word_1_340' title='bbox 972 3203 1146 3258; x_wconf 88' lang='lat' dir='ltr'>partim</span> <span class='ocrx_word' id='word_1_341' title='bbox 1177 3215 1387 3258; x_wconf 91' lang='lat' dir='ltr'>quoque.</span> 
     </span>
    </p>

    <p class='ocr_par' dir='ltr' id='par_1_9' title="bbox 276 3272 2323 3405">
     <span class='ocr_line' id='line_1_38' title="bbox 425 3272 2323 3333; baseline -0.003 -12"><span class='ocrx_word' id='word_1_342' title='bbox 425 3279 481 3333; x_wconf 84' lang='lat'>(¹)</span> <span class='ocrx_word' id='word_1_343' title='bbox 518 3278 589 3321; x_wconf 91' lang='lat' dir='ltr'>Ita</span> <span class='ocrx_word' id='word_1_344' title='bbox 619 3277 764 3321; x_wconf 87' lang='lat' dir='ltr'>etiam</span> <span class='ocrx_word' id='word_1_345' title='bbox 800 3278 847 3321; x_wconf 84' lang='grc' dir='ltr'>Ρ.</span> <span class='ocrx_word' id='word_1_346' title='bbox 881 3276 1164 3320; x_wconf 82' lang='lat' dir='ltr'>Laurentius</span> <span class='ocrx_word' id='word_1_347' title='bbox 1196 3275 1444 3330; x_wconf 76' lang='lat' dir='ltr'>Cupaerus</span> <span class='ocrx_word' id='word_1_348' title='bbox 1476 3277 1532 3322; x_wconf 91' lang='grc' dir='ltr'>Ο.</span> <span class='ocrx_word' id='word_1_349' title='bbox 1575 3276 1630 3320; x_wconf 90' lang='lat' dir='ltr'>C.</span> <span class='ocrx_word' id='word_1_350' title='bbox 1676 3276 1723 3318; x_wconf 86' lang='lat' dir='ltr'>in</span> <span class='ocrx_word' id='word_1_351' title='bbox 1757 3275 1973 3331; x_wconf 87' lang='lat' dir='ltr'>Epistola</span> <span class='ocrx_word' id='word_1_352' title='bbox 2016 3272 2323 3317; x_wconf 85' lang='lat' dir='ltr'>Dedicatoria</span> 
     </span>
     <span class='ocr_line' id='line_1_39' title="bbox 276 3353 666 3405; baseline -0.005 -8"><span class='ocrx_word' id='word_1_353' title='bbox 276 3353 501 3397; x_wconf 86' lang='lat' dir='ltr'>editionis</span> <span class='ocrx_word' id='word_1_354' title='bbox 537 3354 666 3405; x_wconf 89' lang='lat'><strong>1576.</strong></span> 
     </span>
    </p>
   </div>
  </div>
 </body>
</html>
