2508 3978
1207 114 1404 151 ...6.-

434 231 492 280 In
530 231 631 280 hoc
658 237 901 294 poemate
940 228 1055 292 plus
1095 245 1253 293 quam
1294 227 1346 276 in
1386 227 1500 277 aliis
1539 227 1824 293 aliquando
1863 229 2063 280 invehit
2089 231 2140 280 in
2179 231 2323 292 vitia,

284 327 406 367 tunc
446 317 719 382 regnantia
758 316 811 366 in
852 315 1102 366 Ecclesia.
1144 315 1306 380 Quod
1345 325 1520 366 tamen
1560 316 1857 381 mirandum
1903 335 2009 387 non
2047 329 2155 379 est;
2196 320 2327 369 vixit

282 407 420 455 enim
462 417 716 470 tempore,
756 404 902 470 quod
940 403 1429 468 protestantismum
1468 404 1733 455 antecedit
1770 406 1869 454 sub
1907 407 2081 471 Xysto
2121 408 2212 468 IV,
2242 409 2324 458 In-

283 494 527 544 nocentio
566 494 715 552 VIII,
756 492 1062 542 Alexandro
1103 493 1177 541 VI
1217 501 1334 552 etc„
1375 493 1590 559 quando
1618 510 1811 558 magna
1837 494 2033 559 ubique
2057 497 2327 562 corruptio

284 582 554 648 regnabat.
599 583 782 631 Partes
819 580 1066 646 politicae
1092 579 1483 630 contendebant
1508 581 1575 631 de
1600 581 1829 646 primatu
1857 582 2110 633 ecclesiae
2131 594 2186 634 et
2211 585 2324 648 plu.-

281 688 364 720 res
390 670 605 720 minime
630 669 803 720 vocati
843 679 1037 719 statum
1077 667 1487 719 ecclesiasticum
1527 670 1977 735 amplexabantur.
2019 671 2216 722 Confer
2252 673 2325 723 in·

278 760 355 808 fra
395 759 447 808 in
486 769 612 809 nota
647 775 832 808 versus
870 757 1127 822 allegatos
1165 775 1263 809 ex:
1305 758 1391 807 De
1430 758 1530 808 SS.
1571 759 1848 809 Leonzbus.
1904 760 2008 809 Hic
2057 761 2217 810 etiarn
2270 762 2322 811 in

279 848 339 897 L.
383 848 460 896 III
501 847 664 896 libere
698 847 894 911 Papam
934 846 1166 910 Xystum
1205 845 1534 910 deprecatur,
1577 856 1634 895 ut
1671 848 1906 936 remedia
1927 848 2213 920 {SIDQSEL
2247 879 2321 887 —

278 936 544 986 Potuisset
582 947 880 985 nominare
891 942 1121 998 poema.
1158 934 1660 997 Pmltomnclziam
1669 934 1707 985 i
1760 927 1804 985 e.
1845 936 2143 987 animorum
2202 955 2320 988 curn

277 1024 419 1074 vitiis
458 1041 722 1088 pugnam;
764 1039 869 1072 non
915 1031 1090 1071 autem
1132 1022 1270 1081 fecit,
1322 1039 1388 1072 ne
1441 1023 1853 1074 Prudentianum
1903 1024 2113 1075 titulum
2166 1043 2319 1076 occu-

276 1130 430 1178 passe
456 1113 772 1177 culparetur.
802 1111 900 1160 Est
923 1128 1063 1161 nunc
1088 1110 1348 1170 heroicae,
1376 1129 1514 1161 nunc
1552 1112 1828 1176 satyricae,
1867 1131 2005 1163 nunc
2043 1114 2322 1165 doctrinali

277 1201 426 1267 poesi
465 1218 570 1251 non
610 1199 881 1250 dissimile.
925 1201 1047 1250 Non
1087 1199 1257 1264 carpit
1294 1209 1471 1250 autem
1509 1200 1747 1261 vitiosos,
1787 1202 1880 1251 sed
1926 1201 2055 1252 vitia
2086 1213 2149 1252 -et
2181 1203 2320 1253 salu-

275 1291 421 1340 brem
462 1290 677 1354 insuper
713 1288 931 1338 adhibet
975 1288 1253 1338 medelam.
1679 1294 1684 1299 '

427 1378 600 1428 Pauca
638 1394 768 1428 vero
795 1378 863 1427 de
904 1387 1120 1427 auctore
1158 1377 1497 1441 praemittere
1523 1394 1735 1428 necesse
1755 1388 1835 1428 est
1871 1378 1964 1442 (¹).
2009 1379 2210 1438 PetruS,
2239 1380 2322 1429 cui

273 1483 572 1532 cognomen
613 1465 887 1530 Hispanus
927 1464 1150 1514 inditum
1191 1474 1287 1523 est,
1328 1464 1527 1530 quippe
1565 1465 1655 1530 qui
1682 1484 1786 1515 una
1822 1483 1942 1516 cum
1970 1476 2120 1530 patre
2157 1468 2319 1517 Anto·

275 1556 364 1606 nio
403 1555 664 1605 Modover
702 1564 942 1619 tempore
981 1553 1102 1603 belli
1144 1571 1209 1603 ex
1248 1553 1504 1618 Hispania
1549 1554 1840 1619 (Corduba)
1886 1554 1938 1604 in
1985 1553 2193 1607 Italiam
2230 1573 2318 1606 ve-

271 1654 439 1704 nerat,
466 1645 714 1694 Mantuae
741 1642 1070 1713 domicilium
1099 1641 1212 1691 fixit
1238 1652 1291 1692 et
1316 1642 1369 1691 in
1396 1659 1614 1693 uxorem
1637 1642 2001 1693 Constantiam
2029 1643 2237 1695 Brixiae
2256 1662 2322 1694 ex

247 1733 470 1802 ‘familia
509 1733 706 1796 Maggi
730 1732 896 1781 duxit.
939 1731 1178 1796 Baptista
1217 1741 1413 1790 noster,
1442 1731 1528 1781 die
1562 1730 1626 1781 17
1653 1731 1854 1797 Aprilis
1892 1730 2032 1782 1448
2070 1734 2322 1783 Mantuae

273 1833 436 1883 ortus,
479 1820 849 1872 humaniorum
891 1819 1549 1870 Litterarumcurriculum
1578 1821 1828 1871 Mantuae
1855 1821 1931 1887 (²)
1951 1839 2196 1872 emensus
2221 1833 2317 1882 est,

270 1929 331 1962 ac
368 1911 491 1962 inde
530 1909 806 1960 Patavium
839 1909 1122 1974 profectus,
1163 1918 1222 1958 ut
1262 1908 1650 1973 Philosophicis
1674 1908 1980 1974 disciplinis,
2003 1910 2056 1960 in
2095 1910 2320 1961 celeber·

271 2000 403 2050 rima
441 1999 530 2049 illa
569 1997 927 2049 Universitate
966 1997 1318 2056 imbueretur;
1367 2014 1475 2062 quo
1513 2007 1754 2062 tempore
1792 2007 1914 2048 octo
1940 1998 2144 2062 priores
2170 1999 2319 2049 Eclo-

262 2107 366 2154 gas
403 2106 526 2139 suas
563 2098 646 2138 est
681 2087 1002 2140 modulatus.

423 2178 605 2227 Plures
644 2185 994 2235 asseruerunt,
1038 2175 1330 2240 Baptistam
1371 2174 1529 2225 fuisse
1567 2174 1730 2224 filium
1766 2174 2119 2240 illegitimum,
2173 2177 2319 2241 quod

273 2278 448 2321 tamen
488 2266 718 2316 fabulam
780 2281 896 2315 esse
947 2280 1033 2313 me
1097 2262 1268 2313 solide
1318 2263 1546 2328 probare
1610 2280 1768 2329 posse
1830 2263 2058 2314 confid0.
2111 2265 2319 2315 Primus

270 2355 400 2406 illud
440 2353 661 2420 protulit
699 2353 877 2402 Iovius
917 2363 1056 2402 anno
1101 2350 1269 2411 1546;
1310 2351 1397 2401 hic
1442 2361 1620 2402 autem
1660 2362 1860 2411 auctor,
1900 2362 1959 2401 ut
1999 2361 2182 2402 notum
2219 2362 2315 2411 est,

271 2443 456 2495 habuit
495 2443 628 2492 duas
666 2457 882 2506 pennaS,
923 2441 1142 2490 ferream
1183 2457 1375 2504 nempe
1399 2441 1483 2490 vel
1523 2457 1735 2490 auream
1775 2442 2056 2491 secundum
2096 2441 2316 2490 retribu—

269 2535 475 2589 tionem,
521 2540 575 2581 et
613 2530 716 2580 hoc
754 2529 872 2594 ipso
911 2529 1030 2579 loco
1070 2529 1206 2579 duos
1243 2528 1375 2579 alios
1409 2545 1615 2579 errores
1639 2528 1929 2588 commisit;
1970 2527 2153 2579 scribit
2175 2529 2316 2579 enim

273 2622 618 2671 Mantuanum
659 2629 926 2667 mortuum
968 2634 1083 2668 esse
1110 2617 1454 2682 octogenario
1479 2616 1752 2676 maiorem,
1781 2634 1945 2682 quum
1973 2617 2192 2673 haberet
2211 2626 2318 2667 tan·

388 2810 445 2865 (¹)
478 2809 552 2853 Cf.
588 2808 734 2851 etiam
766 2807 812 2849 ll
842 2807 1002 2850 Monte
1035 2806 1250 2850 Carmelo
1283 2808 1326 2849 II
1365 2809 1493 2860 1916,
1534 2807 1595 2848 A.
1629 2806 1770 2849 Sardi
1820 2806 2115 2861 Episcopum
2147 2820 2194 2860 p.
2239 2818 2313 2860 73,

269 2884 359 2928 Th.
390 2897 438 2938 p.
482 2894 581 2935 107.
620 2883 669 2925 P.
704 2883 761 2926 A.
797 2881 1042 2925 Cuschieri
1086 2895 1130 2934 p.
1171 2884 1257 2934 238
1289 2880 1371 2924 Ph.
1405 2880 1583 2923 Ermini
1617 2893 1665 2933 p.
1702 2892 1805 2933 294,
1841 2881 1891 2923 P.
1922 2881 2075 2924 Caioli
2104 2880 2163 2925 ib.
2206 2893 2314 2935 1915

268 2972 316 3013 p.
354 2971 413 3011 70
444 2964 493 3000 et
523 2957 746 2999 Analecta
779 2955 833 2999 0.
875 2956 919 2999 C.
957 2956 994 3006 Ι,
1032 2956 1083 2998 Ρ.
1117 2956 1222 2999 Ser.
1259 2954 1480 3009 Opielka‚
1516 2968 1563 3008 p.
1598 2967 1701 3007 457,
1738 2957 1843 3007 482,
1880 2967 1984 3007 550,
2021 2958 2123 3008 583.

385 3032 443 3087 (²)
477 3032 516 3075 F
520 3032 621 3074 erd.
655 3030 871 3074 Gabotto
903 3030 964 3072 ed
999 3029 1126 3083 Aug.
1161 3029 1327 3072 Badini
1360 3028 1717 3072 Gonfalonieri:
1762 3028 1864 3071 Vita
1891 3027 1943 3071 di
1988 3027 2182 3082 Giorgio
2216 3028 2315 3071 Me-

269 3108 388 3151 rula.
410 3105 723 3148 Alessandria
750 3107 859 3157 1894
880 3117 927 3157 p.
949 3116 1004 3157 33
1029 3110 1121 3148 etc.
1145 3102 1215 3145 Ita
1235 3103 1382 3146 etiam
1406 3102 1680 3146 Ludovicus
1711 3116 1738 3145 a
1755 3104 1804 3146 S.
1819 3102 2053 3145 Theresia
2074 3102 2136 3146 Ο.
2154 3102 2208 3146 C.
2224 3103 2313 3149 D.:

269 3182 340 3224 La
366 3179 631 3222 Succession
659 3176 720 3220 du
754 3177 979 3234 Prophele
1008 3174 1125 3219 Elie.
1161 3176 1290 3219 Paris
1330 3178 1454 3226 1662.
1503 3177 1636 3230 quod
1658 3188 1782 3230 opus
1822 3176 1983 3229 magni
2014 3176 2313 3228 aestimatur,

271 3254 382 3309 quia
414 3252 526 3295 fecit
557 3251 768 3306 speciale
799 3251 1012 3294 studium
1043 3252 1106 3293 de
1139 3256 1306 3293 nostro
1339 3250 1502 3301 Poeta,
1534 3250 1597 3292 de
1627 3262 1727 3304 quo
1757 3255 1930 3293 tractat
1951 3262 2039 3304 per
2066 3262 2118 3301 14
2147 3262 2231 3304 pp.
2265 3251 2313 3292 in

271 3328 398 3371 solio.
435 3327 472 3370 F
475 3326 660 3368 loridus
691 3324 954 3368 Ambrosio
984 3331 1120 3367 tenet
1133 3337 1245 3366 eum
1268 3323 1526 3366 Mediolani
1550 3324 1791 3367 audivisse
1814 3323 2064 3371 Merulam.
2093 3324 2203 3377 Ipse
2232 3336 2314 3366 nu-

268 3410 367 3445 tem
401 3400 613 3454 Baptista
645 3399 837 3452 scripsit
864 3398 912 3441 P.
947 3398 1168 3441 Arnoldo
1192 3398 1356 3440 Bostio
1378 3396 1525 3451 (Mon.
1551 3397 1652 3440 hist.
1680 3397 1836 3441 Carm.
1863 3397 1883 3440 I
1916 3410 1962 3451 p.
1984 3397 2123 3451 492):
2161 3411 2186 3438 «
2206 3398 2314 3440 Per·

270 3476 366 3521 rexi
398 3480 449 3517 et
477 3485 573 3526 ego
605 3478 718 3527 post
750 3472 911 3526 magni
934 3478 983 3514 et
1006 3470 1391 3525 incomparabilis
1422 3471 1506 3513 viri
1532 3471 1750 3525 Gregorii
1774 3471 2001 3525 Tipherni
2025 3470 2316 3524 disciplinaS,

271 3553 498 3595 Mantuae
527 3547 789 3597 imbibitas,
818 3546 1079 3599 Patavium,
1100 3546 1279 3588 deinde
1311 3546 1350 3588 F
1353 3546 1596 3595 errariam.
1616 3552 1861 3600 postremo
1884 3545 2149 3588 Bononiam
2171 3545 2316 3599 (quae

269 3629 379 3668 sunt
409 3620 593 3674 optima
626 3620 793 3663 Italiae
828 3617 1099 3674 gymnasia)
1131 3625 1183 3661 ut
1213 3619 1401 3662 doctior
1432 3618 1597 3663 fierem
1618 3624 1669 3662 ct
1690 3618 1847 3661 adhuc
1867 3617 2130 3672 discipulus
2150 3630 2257 3661 sum
2275 3637 2317 3661 ».

269 3698 364 3742 Csr.
391 3709 437 3748 p.
469 3706 554 3746 499
587 3692 782 3736 ibidem.
