2508 3978
1211 98 1445 138 —28—

378 208 720 276 Cerberiique
757 212 901 262 canis
937 212 1139 277 spumis
1177 223 1230 264 et
1267 214 1527 279 sanguine
1566 216 1787 267 Lernae.

378 297 482 358 Me,
524 315 726 363 precor,
767 309 1035 350 assuetum
1074 300 1228 353 mites
1264 305 1440 352 errare‘
1477 319 1573 367 per
1610 302 1824 352 umbras

378 386 575 450 Grynei
616 386 862 447 nemoriS‚
903 388 1199 455 vestrisque
1236 391 1479 441 sonantia
1517 408 1640 441 rura

376 473 631 525 Cantibus
670 485 724 525 et
759 493 979 541 gressus
1018 478 1182 528 modo
1220 495 1314 544 per
1351 480 1462 530 fera
1499 490 1736 531 monstra
1773 481 2043 540 serentem,

378 563 639 613 Intactum
685 575 892 615 servate
931 566 1097 624 Deae,
1137 566 1324 618 furiale
1361 585 1456 633 per
1494 586 1686 634 agmen

376 651 504 701 Este
542 651 633 717 pio
671 653 780 703 vati
819 654 1057 715 comites,
1099 666 1381 721 moresque
1413 657 1608 708 docete

377 740 628 791 Infandos
667 741 890 807 Stygiae
926 743 1117 808 gentiS,
1158 745 1473 811 coelumque
1511 761 1748 811 perosae.

526 830 639 879 Iam
680 830 888 896 mugire
926 832 1100 882 solum
1137 833 1342 899 coepit:
1384 835 1488 884 iam
1529 835 1757 886 nubibus
1784 844 1885 886 ,aer

376 917 546 967 Pallet
583 928 636 968 et
673 917 889 970 infernis
925 931 1154 986 surgunt
1191 922 1458 973 afflatibus
1495 923 1731 984 umbrae,

376 1005 753 1073 Nigrescitque
792 1008 963 1073 poluS,
1005 1010 1256 1060 monstris
1294 1011 1544 1062 exterrita
1583 1013 1787 1077 lampas

379 1095 504 1145 Fert
542 1106 684 1147 retro
726 1098 1006 1149 Phoebaea
1044 1099 1260 1164 gradus,
1301 1100 1517 1150 auditur
1552 1102 1619 1151 ab
1671 1102 1836 1152 antris

377 1183 592 1235 Clamor
631 1194 684 1235 et
722 1186 1067 1252 omnigenfim
1107 1188 1283 1239 rabies
1319 1190 1538 1239 confusa
1582 1191 1828 1241 ferarum.

449 1337 451 1339 η
488 1274 788 1325 stlonstrum
819 1279 1061 1340 primum
1076 1296 1097 1326 .·
1138 1277 1399 1342 Superbia
1437 1274 1518 1349 (et
1551 1282 1665 1329 eius
1705 1281 1932 1344 improbi
1956 1278 2178 1352 mores).

526 1362 719 1414 Evolat
759 1364 1038 1416 horrisono
1077 1366 1250 1432 rapidi
1293 1368 1658 1432 Phlegetontis
1697 1369 1764 1419 ab
1803 1386 1975 1429 amne,

376 1451 585 1516 Ingenti
625 1452 827 1503 alarum
867 1453 1124 1505 stridente
1162 1455 1426 1520 Superbia
1465 1457 1658 1508 ductu:

376 1538 465 1590 Sic
503 1540 647 1590 illam
686 1540 882 1603 dixere,
921 1560 1082 1608 super
1119 1543 1245 1609 quia
1283 1553 1458 1595 cetera
1495 1562 1611 1596 sese

376 1628 540 1678 Tollit
578 1638 632 1679 et
669 1639 884 1681 extento
922 1631 1094 1682 socias
1132 1634 1459 1697 superminet
1497 1651 1604 1695 ore,

376 1717 573 1767 Omnia
610 1719 948 1780 convolvenS,
989 1737 1146 1771 caeca
1184 1721 1253 1772 de
1292 1723 1420 1773 sede
1472 1723 1715 1774 Barathri

377 1805 613 1856 Crimina
650 1807 949 1872 nigrantem
988 1819 1113 1874 post
1150 1827 1208 1860 se
1246 1810 1408 1861 trahit
1444 1812 1624 1862 omnia
1667 1830 1940 1878 pompam.

377 1894 552 1945 Huius
592 1896 660 1946 ab
698 1897 904 1948 ardenti
942 1898 1151 1949 virosus
1189 1899 1452 1950 anhelitus
1491 1917 1585 1951 ore

378 1983 572 2034 Fumat
609 1994 663 2035 et
701 1986 939 2037 obscuris
977 1987 1152 2038 oriens
1192 2006 1223 2038 a
1259 1989 1729 2040 faucibushumor

378 2072 593 2134 Defiuit,
634 2073 1000 2139 hippomanes,
1041 2077 1267 2137 aconita,
1308 2077 1559 2143 canisque
1597 2078 1854 2129 virentem

375 2161 620 2211 Taenarii
659 2179 903 2227 spumam
943 2181 1213 2230 superanS,
1255 2183 1574 2232 omnemque
1613 2167 1799 2218 veneni

377 2249 705 2300 Mortiferam
745 2251 963 2314 rabiem,
1004 2253 1167 2319 stygii
1205 2254 1324 2304 faex
1365 2255 1472 2304 ima
1509 2255 1775 2320 profundi.
1809 2285 1812 2287 ·

376 2337 446 2388 Se
485 2356 736 2404 superum
775 2357 944 2406 genus
982 2352 1305 2407 esseputat,
1347 2353 1692 2409 veterumque
1730 2344 1953 2396 deorum

377 2426 569 2477 Semen
609 2438 661 2478 et
699 2446 730 2478 a
770 2446 966 2494 magno
1005 2447 1061 2480 se
1099 2431 1259 2481 iactat
1297 2432 1547 2496 Apolline
1583 2442 1779 2483 natam.

377 2517 562 2566 Ardua
600 2517 760 2578 frons,
803 2536 1016 2584 unoque
1054 2521 1210 2570 oculo
1248 2521 1456 2571 stellata
1494 2522 1708 2572 rotundi

377 2606 657 2667 CircuituS,
698 2608 982 2674 medioque
1020 2609 1210 2660 sedens
1248 2610 1301 2660 in
1340 2611 1553 2661 luminis
1592 2612 1722 2662 orbe

378 2694 650 2755 Discessit,
692 2696 876 2761 spatiis
914 2698 1222 2762 aequalibus
1263 2699 1498 2765 undique
1537 2710 1791 2750 centrum.

377 2784 498 2833 Hoc
537 2784 744 2850 insigne
780 2784 963 2849 patris,
1007 2786 1315 2854 Phoebique
1354 2788 1587 2838 ardentis
1626 2788 1824 2854 imag0,

377 2872 591 2923 Difficili
630 2873 779 2925 vultu
817 2875 1076 2940 graditur,
1117 2887 1378 2943 gestuque
1418 2878 1654 2944 maligno

379 2962 656 3022 Innocu05‚
698 2963 959 3028 mitesque
996 2964 1202 3015 animos
1241 2965 1425 3016 irridet
1463 2977 1517 3016 et
1555 2966 1685 3027 odit,

378 3050 552 3114 Quem
592 3049 738 3101 videt
776 3052 1002 3103 aeternis
1040 3053 1297 3104 illustrem
1336 3055 1583 3105 laudibus
1622 3055 1788 3105 altum

379 3140 478 3189 Per
515 3139 723 3190 virtutis
762 3140 862 3191 iter
899 3142 1008 3191 veri
1048 3144 1402 3194 conscendere
1441 3144 1658 3195 honoris

377 3227 600 3278 Culmen
638 3238 691 3279 et
729 3229 798 3279 ad
836 3247 1058 3295 superos
1096 3230 1208 3292 niti,
1248 3233 1506 3298 coeloque
1543 3232 1920 3298 propinquum.

378 3318 427 3366 It
464 3316 643 3382 gravis
677 3327 731 3368 et
769 3335 890 3368 raro
928 3318 1134 3370 incessu
1174 3320 1400 3385 vestigia
1445 3321 1647 3386 profert

375 3405 696 3456 Strimoniae
733 3406 802 3456 de
840 3423 988 3457 more
1026 3408 1190 3473 gruiS,
1232 3425 1369 3474 quae
1406 3409 1607 3460 semina
1645 3410 1848 3475 campis

378 3494 520 3544 Iacta
559 3494 742 3560 legens
780 3511 982 3561 aequae
1019 3496 1203 3561 tepido
1241 3498 1340 3547 sub
1378 3497 1552 3548 sidere
1585 3498 1784 3549 librae:

376 3583 433 3632 Si
473 3582 645 3632 vicina
683 3583 816 3635 ferat
853 3602 1093 3650 gressum
1134 3601 1230 3650 per
1268 3603 1390 3636 rura
1428 3586 1602 3637 viator

378 3671 507 3721 Tela
547 3672 733 3733 ferens,
775 3690 1022 3724 arcumve
1061 3691 1237 3735 manu,
1278 3685 1438 3740 caput
1476 3676 1643 3726 ardua
1681 3676 1872 3726 tollens
