2508 3978
1219 102 1453 143 ..26-

390 219 532 269 Mole
571 219 671 269 sub
709 235 897 269 exaesa
933 217 1110 277 silicis,
1151 235 1422 284 curvoque
1460 219 1558 269 sub
1597 229 1751 271 antro
1818 272 1821 275 ,

386 307 702 358 Monticolas
741 306 980 356 habitare
1018 306 1161 356 viros
1199 316 1254 357 et
1291 306 1530 372 gramine
1568 308 1731 373 pasci.

385 395 435 445 O
478 394 687 460 Superi,
728 395 846 444 loca
883 394 975 460 qui
1014 393 1112 444 tuti
1151 411 1335 445 secura
1374 395 1578 455 tenetiS,

381 483 458 542 Si,
497 483 694 534 scelere
731 482 914 533 offensi
953 491 1154 543 nostr0,
1193 492 1302 534 tam
1341 483 1457 535 dira
1495 484 1721 535 movetis

378 571 603 631 Praelia,
643 582 725 622 sat
763 581 969 621 veteres
1007 581 1116 622 tam
1155 571 1325 622 multo
1362 571 1544 622 funere
1580 573 1779 638 culpaS,

377 660 475 711 Sat
513 659 678 726 longo
715 659 1014 725 luimusque
1053 670 1214 719 metu,
1256 659 1360 710 iam
1400 662 1620 725 parcite,
1656 662 1842 712 saltem

379 749 674 815 Relliquias
711 748 935 814 generis,
977 765 1264 814 semenque
1302 749 1583 815 relinquite
1621 750 1803 801 nostri.

378 838 500 888 Non
540 837 701 888 animi
741 847 945 888 tantum
986 837 1160 903 gentis
1197 837 1436 888 cecidere
1475 838 1694 888 Latinae

372 926 511 977 Cum
551 927 796 977 Romana
834 926 980 976 ferox
1019 926 1215 977 circum
1254 927 1504 992 capitolia
1544 927 1728 979 Gallus

375 1014 670 1066 Bai-baricis
710 1014 971 1080 trepidam
1012 1015 1228 1080 pulsans
1265 1015 1586 1066 clamoribus
1623 1033 1797 1066 arcem

373 1104 603 1164 Diceret,
643 1120 858 1154 eversae
897 1103 1105 1153 frustra
1126 1103 1431 1154 succurritis
1469 1103 1586 1154 urbi

373 1192 708 1253 Romulidae,
749 1191 897 1259 regni
938 1202 993 1242 et
1029 1192 1170 1242 vitae
1207 1203 1479 1257 postrema
1514 1191 1629 1242 dies
1667 1192 1814 1244 haec.

366 1283 465 1333 Vel
505 1291 628 1348 post
667 1281 958 1334 Cannensis
995 1280 1257 1346 lacrymas
1294 1292 1349 1334 et
1385 1281 1568 1331 funera
1606 1298 1834 1346 pugnae,

366 1369 600 1436 Quando
640 1370 940 1436 Quirinales
978 1368 1198 1435 aquilaS,
1238 1370 1512 1436 fascesque
1550 1370 1824 1435 superbOS,

365 1460 454 1510 Ad
493 1459 685 1525 Tyrias
722 1459 826 1510 iam
866 1476 923 1510 se
961 1458 1191 1509 laturum
1228 1459 1469 1510 crederet
1505 1475 1653 1509 arces

364 1549 650 1609 Hannibal,
691 1548 947 1599 insultans
985 1547 1128 1598 victo
1166 1547 1464 1598 iuveniliter
1501 1547 1659 1607 hosti,

360 1638 435 1688 Et
473 1655 599 1689 mox
636 1654 702 1688 ex
732 1638 844 1688 alto
879 1636 1140 1687 bellorum
1179 1636 1408 1687 culmine
1447 1636 1632 1702 pulsus

359 1726 607 1793 Languit,
649 1725 885 1777 adversis
923 1725 1044 1776 fatis
1082 1735 1135 1776 et
1175 1726 1349 1776 Marte
1384 1724 1617 1775 sinistro,

363 1816 413 1864 N
417 1833 486 1865 on
527 1825 677 1866 tanto
717 1825 980 1865 tremuere
1019 1823 1164 1864 metu
1202 1812 1514 1879 praecordia
1553 1812 1774 1863 Graium

358 1904 553 1955 Xerxis
591 1904 644 1954 in
683 1904 933 1963 adventu,
975 1903 1182 1953 monuit
1218 1919 1339 1953 cum
1379 1901 1641 1967 Delphica
1679 1918 1837 1967 rupes

358 1993 483 2043 Non
521 2009 693 2054 mur0,
723 2009 838 2043 -non
876 2009 996 2042 arce
1035 1991 1166 2052 dari,
1207 1991 1303 2042 sed
1341 2007 1475 2042 nave
1513 1990 1757 2044 salutem.

357 2082 480 2131 Non
520 2081 594 2132 ita
633 2081 850 2131 Moseae
888 2080 1158 2146 quondam
1198 2079 1453 2131 miracula
1489 2078 1674 2144 virgae

356 2170 583 2220 Horruit
621 2169 849 2221 attonito
889 2168 1156 2234 Memphis
1194 2167 1381 2218 turrita
1419 2168 1627 2218 colono.

350 2260 477 2325 Ipse
515 2275 731 2325 quoque
769 2259 822 2309 in
860 2258 1008 2309 silvis
1046 2267 1100 2308 et
1137 2256 1362 2307 vallibus
1399 2255 1683 2322 Apennini,

349 2347 556 2398 Exilem
594 2347 792 2398 ducens
831 2356 971 2397 tecto
1008 2347 1107 2397 sub
1147 2362 1380 2412 paupere
1416 2345 1581 2396 vitam

348 2436 567 2496 Delitui,
606 2453 713 2502 qua
753 2436 951 2501 templa
989 2435 1123 2501 petit
1163 2435 1407 2485 Romana
1443 2433 1630 2485 viator.

350 2526 419 2575 Et
459 2542 566 2592 qua
606 2524 898 2575 Flaminios
934 2523 1141 2589 fugiens
1180 2523 1427 2574 Claterna
1464 2540 1559 2588 per
1596 2539 1756 2588 agros

350 2614 511 2664 Ducit
550 2614 618 2663 ab
658 2613 896 2678 angustis
934 2612 1198 2663 undosum
1238 2611 1465 2662 vallibus
1503 2628 1731 2672 amnem„

342 2703 487 2753 Arce
524 2703 624 2752 sub
664 2702 888 2762 Ociami,
929 2701 1123 2752 nostris
1160 2700 1249 2751 ubi
1289 2701 1431 2751 dicta
1471 2700 1769 2759 Camoeni5‚

346 2792 511 2842 Tecta
554 2790 880 2852 Refrigerius
918 2789 1130 2841 sublimi
1171 2790 1222 2840 in
1262 2790 1397 2840 colle
1429 2789 1656 2842 tenebat.

303 2923 309 2928 .
345 2881 467 2930 Non
507 2880 603 2930 fuit
641 2896 768 2930 ausa
808 2879 996 2944 magiS,
1037 2895 1132 2929 nec
1170 2879 1321 2929 clade
1358 2878 1633 2929 nocentior
1671 2878 1786 2937 ista,

345 2969 663 3019 Romuleam
703 2967 867 3033 pestis
906 2969 1070 3032 longo
1108 2984 1247 3033 quae
1284 2967 1464 3017 sunere
1503 2967 1711 3031 plebem

344 3057 594 3122 Diripuit,
635 3057 851 3122 quando
888 3056 1104 3107 veniens
1143 3055 1465 3120 Epidaurius
1503 3055 1692 3120 anguis

341 3146 521 3196 Ionios
559 3145 688 3195 citra
727 3145 917 3195 fluctus
956 3145 1008 3194 in
1047 3161 1212 3210 regna
1251 3143 1459 3209 Quirini

337 3234 575 3284 Abstulit
614 3233 812 3283 aerium
851 3233 1011 3293 viruS,
1051 3232 1143 3299 qui
1182 3243 1367 3298 postea
1406 3232 1604 3298 templa

340 3323 525 3372 Iuncta
565 3321 678 3372 Iovi
719 3321 901 3380 tenuit,
942 3321 1164 3371 bifidum
1203 3338 1310 3387 qua
1348 3320 1541 3372 dividit
1578 3338 1787 3372 amnem

339 3410 519 3463 Insula
560 3410 849 3461 Ianiculum
889 3409 1142 3460 dirimens
1180 3427 1211 3459 a
1249 3409 1472 3459 collibus
1512 3409 1689 3460 Urbis.
