2508 3978
275 220 514 274 oboritur
550 220 813 282 voluptas,
854 225 912 266 ut
950 213 1095 266 nihil.
1117 212 1297 277 cupiat
1334 209 1522 275 magiS,
1565 225 1725 274 quam
1757 207 1949 258 iterum
1988 205 2214 271 fatigari,
2255 213 2320 255 ut

276 309 472 360 iterum·
505 317 769 359 recreetur
794 322 845 356 ›>.
1431 359 1435 363 ,

342 435 346 439 .
427 396 571 446 Elias
611 394 902 459 Capreolus
943 391 1219 443 Brixianus
1257 389 1664 441 Iurisconsultus
1707 384 1741 440 2
1765 384 2073 442 *Dee-1498
2098 385 2317 437 scribit:

282 502 313 535 «
341 485 617 535 Maronem
656 481 809 532 nobis
835 482 1083 532 alterum
1122 480 1253 530 haec
1290 488 1435 529 aetas
1475 476 1780 528 ,redivivum
1831 475 2096 540 produxit,
2138 473 2322 539 Bapti-

280 581 431 624 stam,
454 573 592 620 hunc
631 571 977 620 Mantuanum
1028 568 1119 634 qui
1158 566 1354 618 virtute
1392 565 1599 630 poetica
1649 565 1978 629 synchronos
2015 579 2216 621 omneS,
2256 578 2324 617 ex

280 659 510 725 antiquis
547 659 708 709 etiam
746 658 1047 723 complures
1085 674 1117 706 a
1153 672 1210 707 se
1246 658 1407 720 longe
1444 653 1658 720 reliquit
1685 670 1734 706 ›>.

343 780 347 785 -
431 748 668 798 Iasredus
708 747 931 798 Carolus
986 754 1108 810 post
1147 760 1342 797 annum
1388 741 1528 792 1510
1567 743 1635 792 de
1675 743 1965 792 Mantuano
2005 750 2155 791 notat
2193 739 2325 804 Epi·

282 853 446 902 scopo
488 835 801 886 Parisiensi:
847 850 878 884 «
905 833 1070 884 Cuius
1108 832 1338 883 auctoris
1363 833 1479 882 laus
1518 832 1622 881 iam
1650 832 1794 896 apud
1831 847 2014 881 omnes
2043 838 2200 882 tanta'
2225 838 2327 890 est,

283 935 342 976 ut
381 935 552 990 neque
590 941 726 990 mea,
764 939 936 988 neque
974 921 1532 972 alteriusrlaudatione
1570 920 1950 971 incrementum
2000 920 2219 986 aliquod
2257 919 2331 969 sit

284 1023 592 1078 susceptura
612 1029 645 1063 ›>
686 1021 785 1067 etc.

434 1101 711 1167 Philippus
749 1100 1074 1151 Beroaldus:
1120 1117 1150 1150 «
1181 1100 1385 1166 Perlegi
1426 1117 1593 1164 nuper
1631 1100 1811 1150 divina
1849 1099 2013 1150 divini
2059 1099 2335 1165 Baptistae

286 1190 623 1242 Carmelitae
661 1197 923 1255 poemata,
964 1205 1101 1255 quae
1156 1188 1429 1239 evidenter
1483 1188 1785 1248 ostendunt,
1823 1198 2095 1253 parentem
2151 1205 2331 1238 rerum

286 1290 527 1328 naturam
567 1278 620 1329 in
646 1276 1062 1343 progenerandis
1088 1276 1310 1342 poeticis
1348 1276 1575 1341 ingeniis·
1600 1277 2012 1342 haudquaquam
2040 1276 2335 1336 decoxisse,

288 1368 671 1433 Mantuamque
709 1366 861 1417 nobis
899 1366 1123 1416 alterum
1164 1367 1439 1416 Maronem
1479 1382 1543 1415 ex
1580 1365 1940 1430 palingenesia
1982 1365 2338 1431 pythagorica.

288 1455 636 1506 reddidisse...
678 1455 872 1505 Merito
910 1454 1089 1519 itaque
1127 1454 1309 1504 vivens
1348 1471 1410 1503 ea
1448 1453 1637 1504 fruitur
1673 1454 1860 1519 gloria,
1902 1471 2061 1520 quam
2086 1465 2222 1520 :post
2259 1454 2329 1504 ci·

288 1561 440 1595 neres
478 1543 780 1609 paucissimi
819 1551 1240 1608 consequuntur;
1281 1542 1683 1608 eamquessvivus
1708 1543 1882 1602 sentit,
1911 1560 2048 1608 quae
2074 1554 2196 1608 post
2226 1544 2340 1593 fata

288 1633 542 1698 praestari
581 1633 754 1698 magis
792 1632 958 1692 solet,
983 1631 1394 1684 venerationem.
1435 1632 1659 1682 Interest
1689 1632 1984 1697 posteritati
2011 1649 2153 1687 suae.
2183 1649 2338 1683 mon—

289 1732 590 1788 straturque
629 1721 800 1787 digito
838 1720 1303 1786 praetereuntium,
1333 1737 1429 1770 nec
1467 1720 1639 1771 solum
1667 1720 1890 1771 habetur
1930 1721 1982 1770 in
2010 1721 2253 1772 manibus
2280 1730 2339 1772 et

291 1811 557 1870 ediscitur,
597 1827 780 1860 verum
805 1812 964 1859 etiam
991 1812 1049 1858 in
1073 1810 1261 1859 scholis
1297 1815 1599 1867 enarratur,
1627 1809 1704 1873 (¹)
1748 1819 1802 1859 et
1826 1809 1948 1859 inde
1988 1810 2340 1861 saluberrima

291 1899 583 1965 tyrunculis
621 1899 818 1949 dictata
857 1897 1269 1949 Grammatistae
1304 1897 1668 1963 praescri-bunt
1688 1915 1738 1948 ›>.

443 1988 762 2060 Desiderius
778 1988 1031 2038 Erasmus
1059 1987 1254 2038 Iacobo
1275 1986 1696 2052 Wimphelingio
1736 1985 1770 2036 3
1792 1988 1947 2040 Febr.
1973 1987 2141 2038 1517:
2174 2002 2208 2038 <‹*
2227 1989 2344 2038 Ma·

292 2078 384 2128 lim
423 2077 815 2128 hemistichium
844 2076 1133 2137 Mantuani,
1162 2093 1323 2141 quam
1352 2086 1459 2126 tres
1486 2075 1789 2127 Marullicas
1826 2077 2093 2142 myriades
2115 2095 2164 2127 ›>.
2191 2078 2339 2142 (Hy-

295 2166 562 2232 perbolice
599 2167 725 2215 sane
764 2165 964 2215 dictum
990 2165 1044 2230 !).
1085 2164 1228 2214 Alibi
1269 2164 1480 2229 scripsit
1524 2163 1699 2216 1496:
1756 2182 1787 2215 <‹
1814 2176 1868 2216 et
1917 2165 2016 2216 nisi
2070 2176 2155 2215 me
2205 2165 2342 2215 fallit

297 2254 595 2320 augurium,
635 2253 749 2313 erit,
791 2254 891 2304 erit
929 2253 1214 2318 aliquando
1255 2253 1493 2318 Baptista
1537 2270 1634 2303 suo
1661 2253 1878 2304 concive
1903 2254 2090 2319 gloria,
2118 2254 2340 2305 celebri-

296 2354 510 2408 tateque
538 2359 643 2392 non
668 2342 742 2391 ita
768 2341 934 2392 multo
961 2341 1191 2401 inferior,
1219 2341 1488 2406 simul(ac)
1513 2341 1766 2392 invidiam
1792 2342 1913 2392 anni
1940 2342 2265 2393 detraxerint
2286 2362 2340 2400 »,

447 2433 505 2484 B.
535 2433 721 2481 Petrus
749 2430 991 2481 Canisius
1029 2430 1083 2480 in
1121 2447 1283 2496 opere
1309 2431 1453 2495 quod
1481 2431 1794 2481 Marianum
1832 2431 2133 2496 appellavit,
2174 2432 2263 2482 lib.
2293 2432 2344 2491 l,

298 2537 341 2574 c.
391 2518 456 2568 13
495 2519 549 2569 in
586 2519 719 2569 fine:
765 2535 795 2568 4<
825 2517 972 2583 Quid
1009 2535 1137 2568 vero
1174 2518 1218 2568 si
1258 2526 1470 2583 poetam
1510 2517 1869 2580 christianum,
1910 2518 2057 2584 pium
2083 2529 2137 2570 et
2175 2519 2344 2570 diser-

299 2617 411 2666 tum
440 2607 812 2667 adsciscamuS,
841 2606 931 2672 qui
957 2606 1061 2656 hoc
1079 2606 1233 2657 nobis
1247 2616 1406 2671 caput
1426 2607 1681 2667 absolvat,
1704 2607 1966 2673 simulque
1985 2623 2083 2658 suo
2102 2607 2340 2658 carmine

301 2697 502 2747 Mariae
529 2696 582 2746 in
608 2695 808 2761 templo
847 2695 1023 2746 studia
1048 2704 1102 2745 et
1126 2712 1302 2745 mores
1340 2697 1614 2760 exponat?
1653 2697 1704 2745 Is
1745 2696 1983 2760 Baptista
2020 2696 2346 2747 Mantuanus

301 2796 397 2845 est,
427 2785 479 2834 in
506 2785 646 2834 hunc
672 2783 890 2834 modum
918 2799 1024 2833 non
1050 2783 1224 2834 minus
1262 2800 1385 2833 vere
1423 2801 1583 2849 quam
1611 2784 1881 2847 eleganter
1917 2801 2109 2835 canens
2150 2803 2198 2844 ›>,
2241 2795 2347 2837 ete.

453 2873 820 2937 Shakespeare
857 2871 985 2923 citat
1022 2872 1135 2922 eius
1161 2888 1373 2922 versum
1398 2881 1453 2922 et
1475 2889 1596 2922 eum
1635 2873 1831 2931 laudat,
1873 2873 2085 2923 dicens:
2131 2891 2160 2923 <‹
2191 2874 2346 2923 Man-

305 2974 462 3014 tuane
500 2963 664 3012 bone!
708 2960 797 3027 qui
840 2970 891 3011 te
930 2977 1034 3011 non
1073 2961 1363 3027 cognoscit,
1403 2978 1508 3011 non
1548 2971 1600 3011 te
1636 2971 1779 3012 amat
1807 2979 1856 3014 ›>.

427 3167 485 3223 (¹)
517 3167 732 3211 Mustard
763 3166 812 3210 in
841 3178 991 3221 opere
1028 3166 1224 3210 citando
1245 3167 1380 3221 plura
1404 3164 1678 3210 testimonia
1699 3167 1935 3222 vulgavit:
1961 3167 1989 3213 i.
2013 3181 2056 3211 a.
2078 3168 2351 3223 discipulus

309 3243 498 3298 scripsit
529 3241 682 3296 patri:
721 3254 746 3283 «
766 3241 884 3285 hora
914 3253 942 3294 9
972 3240 1177 3295 legimus
1207 3246 1433 3295 poemata
1465 3242 1668 3292 Horatii.
1699 3242 1858 3286 Ovidii
1890 3248 2014 3296 etc.;
2047 3248 2157 3296 post
2178 3242 2350 3286 horam

316 3332 367 3361 ιο
398 3316 602 3371 legimus
635 3315 966 3359 Mantuanum.
992 3329 1016 3356 ›>
1053 3315 1348 3359 Murmellius
1390 3328 1501 3369 1507
1529 3316 1686 3359 canit:

703 3448 707 3452 ι
783 3388 944 3432 Gloria
975 3388 1182 3433 Carmeli
1213 3395 1400 3433 veteres
1433 3389 1646 3444 Baptista
1676 3395 1846 3444 poetas

786 3462 1059 3516 Gymnasiis
1090 3462 1273 3517 pellens
1304 3462 1487 3518 pulpita
1518 3463 1647 3507 celsa
1677 3469 1825 3507 tenet.

432 3537 693 3592 Egregium
723 3537 816 3581 hoc
845 3535 1132 3591 opusculum
1151 3541 1339 3580 tantum
1361 3536 1524 3581 videre
1545 3538 1678 3592 potui
1701 3525 2087 3595 postquammea
2110 3537 2353 3582 Praefatio

314 3625 424 3656 cum
454 3616 682 3666 poemate
711 3612 900 3665 integro
925 3608 1026 3665 jam
1057 3610 1182 3665 typis
1213 3611 1481 3665 composita
1513 3618 1631 3663 erat,
1666 3611 1781 3654 alias
1813 3611 2012 3653 multum
2030 3610 2144 3654 utile
2166 3611 2350 3656 fuisset.

317 3687 621 3732 Commendo
651 3685 766 3729 illud
798 3684 1018 3729 omnibus
1049 3685 1260 3739 linguam
1292 3685 1545 3739 Anglicam
1577 3684 1859 3728 callentibus
1876 3685 1977 3738 (pp.
2007 3683 2091 3737 156
2122 3685 2169 3728 in
2199 3685 2287 3740 8⁰).
