2508 3978
1217 109 1453 149 ..34-

387 221 470 270 Ire
508 237 602 286 per
640 220 894 283 abruptos
933 217 1142 266 deserta
1179 214 1452 265 cacumina
1492 221 1715 273 monteS,

387 309 456 359 Et
490 318 688 358 certam
727 304 928 356 nescire
965 304 1204 363 domum,
1246 318 1535 368 regemque
1573 301 1672 352 sub
1709 309 1863 350 antro

389 398 722 461 Deprensum
763 392 938 459 potuit
973 408 1150 442 sermo
1188 391 1478 450 mitescere,
1520 390 1564 440 si
1603 406 1710 440 non

389 484 580 534 Intima
618 482 858 533 tabificus
891 480 1128 531 vitiasset
1166 489 1383 545 pectora
1410 479 1560 530 livor.

388 573 533 638 Quid
572 572 800 622 referam
833 569 1034 635 primos
1071 567 1340 619 discordia
1376 567 1577 618 semina
1616 567 1803 616 fratres

390 662 458 711 Et
497 661 703 711 scelus?
743 668 797 709 et
834 675 1054 723 campos
1091 674 1345 723 germana
1382 656 1545 706 caede
1584 656 1859 706 madentes
1889 655 1910 704 ?

393 751 672 800 Praetereo
711 757 902 812 vatem,
942 747 1081 812 nigri
1121 763 1278 812 quem
1320 744 1535 810 spiritus
1573 743 1700 794 Orci

394 837 620 888 Perculit
658 847 711 887 et
750 836 886 887 tristi
925 835 1115 886 clausit
1156 834 1446 899 Babylonia
1485 833 1642 884 circo,

392 928 510 992 Ipse
551 926 643 975 diu
682 925 856 975 ieiuna
894 923 1069 974 iacens
1107 933 1230 973 ante
1267 940 1360 973 ora
1400 923 1626 973 ferarum

390 1017 568 1080 Atque
608 1015 950 1064 famescentes
988 1011 1236 1062 animalia
1273 1029 1432 1062 saeva
1470 1012 1678 1062 leaenas

393 1103 716 1153 Indomitum
755 1101 915 1166 fregit
953 1100 1216 1165 Superfim
1257 1099 1454 1165 pietate
1491 1100 1740 1153 furorem.

395 1194 672 1242 Praetereo
711 1191 921 1256 pulsum
960 1188 1131 1255 patria
1169 1189 1524 1254 reducemque
1564 1189 1870 1249 Camillum,

392 1282 568 1346 Rapta
610 1279 988 1344 Panomphaeo
1027 1278 1339 1328 referentem
1378 1277 1532 1343 signa
1571 1277 1817 1330 Tonanti.

390 1369 525 1434 Quis
564 1369 710 1419 furor
747 1367 1003 1433 ingratOS,
1046 1367 1171 1416 Dux
1207 1365 1674 1431 praestantissime,
1716 1365 1860 1416 cives

394 1458 609 1523 Scipio?
647 1473 785 1522 quae
823 1456 1034 1506 fortuna
1071 1465 1217 1507 tuam
1258 1454 1377 1504 tulit
1415 1471 1602 1520 aspera
1641 1456 1911 1509 mentem?

394 1547 468 1597 Ut
507 1555 630 1610 post
668 1561 877 1595 eversas
918 1543 1112 1609 Tyriae
1152 1542 1490 1608 Carthaginis
1528 1552 1676 1593 arces

397 1637 658 1700 Partaque
696 1633 943 1683 bellando
983 1633 1232 1697 Libycae·
1255 1631 1575 1698 cognomina
1613 1632 1833 1696 genti5,·
1905 1686 1909 1689 ,

396 1724 531 1775 Cum
571 1733 663 1773 tua
702 1721 934 1772 consiliis
972 1731 1114 1772 esset
1152 1720 1464 1770 melioribus
1497 1730 1643 1771 aetas

397 1812 554 1862 Utilis
593 1821 646 1861 et
684 1810 823 1860 vires
862 1810 931 1860 ad
969 1809 1151 1860 civica‘
1175 1826 1392 1859 munera
1429 1819 1725 1874 promptae,

400 1903 519 1950 Iura
558 1900 656 1950 fori
696 1909 750 1950 et
787 1899 929 1949 cives
967 1903 1028 1948 et'
1058 1902 1289 1948 amatam
1329 1897 1545 1963 liqueris
1583 1899 1807 1948 urbem?

399 1991 520 2040 Non
560 1988 766 2038 monuit
803 1987 974 2053 pietas
1011 1986 1210 2037 virides.
1246 1988 1455 2036 servata
1494 2003 1589 2051 per
1627 2003 1794 2036 annos

400 2078 614 2128 Publica
651 2076 871 2142 privatis
909 2076 1172 2142 praeferre
1211 2075 1423 2140 negotia
1462 2076 1656 2125 rebus?

399 2167 572 2218 Causa
611 2165 734 2215 mali
774 2165 926 2224 livor,
967 2163 1272 2229 suffusaque
1311 2163 1492 2229 lingua
1531 2181 1735 2214 veneno

399 2257 507 2306 Tot
545 2255 685 2305 clara
724 2253 950 2304 invictae
989 2252 1173 2303 molita
1211 2252 1519 2318 extinguere
1557 2253 1728 2302 laudis
1799 2278 1802 2281 ·

403 2347 581 2404 Facta,
622 2353 702 2393 tot
740 2342 957 2407 egregia
996 2347 1178 2406 partos
1215 2341 1411 2391 virtute
1449 2341 1763 2407 triumphos,

403 2433 507 2498 Qui
548 2431 751 2496 rigidos
790 2447 958 2490 enses,
1000 2430 1090 2495 qui
1129 2431 1297 2480 ferrea
1334 2430 1473 2479 bella
1510 2430 1724 2495 subegit

402 2522 538 2571 Exul
578 2521 648 2570 ob
687 2519 940 2569 invidiam
980 2518 1152 2583 patria
1189 2518 1639 2583 migrarerelicta

405 2609 631 2675 Cogitur
668 2617 721 2658 et
759 2608 921 2658 duros
962 2607 1098 2657 inter
1134 2616 1375 2657 versatur
1414 2615 1668 2671 agrestes·

405 2699 493 2749 Ad
533 2696 741 2748 Cereris
779 2712 1065 2746 conversus
1103 2712 1255 2760 op‚uS‚
1298 2707 1579 2760 moresque
1616 2704 1896 2760 parentum

407 2786 512 2853 Qui
555 2784 856 2836 Pelusiacae
894 2793 1106 2834 servant
1144 2783 1463 2849 cognomina
1501 2783 1656 2833 lentis

408 2877 476 2926 Et
515 2875 707 2940 quibus
744 2873 999 2924 illustrem
1040 2873 1208 2923 fecere
1246 2872 1514 2938 legumina
1552 2872 1764 2933 famam,

407 2961 721 3029 Triptolemi
760 2961 979 3022 curavit,
1020 2978 1150 3026 opes
1188 2960 1424 3011 imitatus
1465 2961 1635 3012 Osiris

407 3051 723 3117 Alcinoique
762 3050 900 3101 senis
939 3049 1206 3110 studium„
1233 3067 1329 3101 ceu
1368 3060 1555 3116 postea
1595 3068 1824 3116 magnus

412 3140 653 3193 Caesaris
690 3148 746 3188 et
783 3138 976 3203 sceptri
1014 3138 1190 3203 posito
1229 3140 1512 3203 splendore
1551 3138 1783 3199 DiocleS,

413 3233 707 3281 Hortorum
747 3227 934 3277 didicit
958 3228 1149 3285 cultuS,
1178 3227 1408 3277 incidere
1447 3226 1582 3277 vites

410 3321 587 3384 Atque
614 3316 714 3382 piri
741 3326 884 3366 secto
924 3316 1092 3366 malos
1131 3315 1350 3381 infigere
1378 3326 1580 3375 trunco,

413 3409 536 3472 Quo
576 3405 634 3455 fit
672 3404 940 3469 adoptatis
981 3404 1182 3469 lignum
1222 3403 1302 3453 bis
1341 3403 1509 3454 fertile
1547 3403 1726 3464 ramis,

416 3497 741 3545 Humectare
780 3493 951 3543 solum
992 3492 1135 3553 rivis,
1176 3493 1420 3558 ferroque
1460 3492 1662 3543 bicorni

419 3587 633 3634 Pectere
671 3581 928 3631 luxuriem
971 3591 1157 3642 terrae,
1199 3581 1492 3632 redolentia
1529 3582 1690 3633 sulcis

417 3670 671 3723 Gramina
711 3670 978 3735 virgineos
1017 3669 1202 3720 induta
1240 3671 1440 3720 rosaria
1476 3671 1670 3730 vultuS‚
