2508 3978
1194 116 1428 156 ...32-

357 231 753 296 Venturamque
791 231 982 281 timens
1018 231 1241 292 cladem,
1281 232 1559 298 vicinaque
1596 234 1718 294 fata,

358 318 637 371 Mobilium
678 318 817 384 turpi
855 336 1030 370 rerum
1071 336 1137 370 ne
1175 337 1231 370 se
1269 320 1506 387 inquinet
1545 339 1660 383 usu,
1699 380 1702 383 ⁴

361 407 470 459 Sed
509 407 679 458 solum
719 406 898 463 videat
936 408 1147 459 Patrem
1186 419 1240 460 et
1277 420 1577 462 reverenter
1614 412 1826 464 adoret:

361 496 467 562 Qui
506 496 657 546 sedet
694 505 747 547 et
785 496 989 548 stabilis
1025 497 1142 548 solo
1180 508 1360 550 movet
1398 500 1575 551 omnia
1614 511 1759 552 nutu.

362 585 498 635 Cum
539 585 695 635 Pater
735 585 951 636 Oceano
989 586 1298 638 sceleratam
1337 588 1573 652 perdere·
1596 599 1810 655 gentem

361 673 550 733 Vellet,
590 673 659 723 ad
697 672 994 729 imbriferos
1030 675 1259 726 errantia
1296 676 1470 727 sidera
1507 678 1677 742 pisces

364 761 531 813 Duxit
569 772 622 812 et
660 762 844 813 officiis
881 763 1085 828 aptavit
1122 764 1358 816 tristibus
1395 775 1562 817 astra:

353 850 472 901 *Sed
511 860 687 901 tamen
725 860 848 902 ante
886 852 1045 903 rudes
1083 853 1263 904 turbas
1301 863 1355 904 et
1392 855 1615 906 barbara
1652 874 1816 923 regna

364 940 539 1005 Quam
580 939 766 990 subitis
805 940 1005 991 deleret
1042 941 1209 1007 aquiS,
1250 944 1522 1007 praemisit
1558 945 1611 996 in
1650 947 1834 998 orbem

365 1027 664 1077 Fatidicum
703 1037 896 1088 vatem,
937 1029 1026 1095 qui
1067 1031 1286 1083 crimina
1323 1033 1485 1099 longa
1522 1034 1653 1098 piari

367 1116 544 1176 Posse,
582 1116 887 1168 libidinibus
926 1119 970 1167 si
1009 1119 1167 1169 noxia
1204 1131 1444 1185 parceret
1481 1132 1642 1184 aetas,

366 1205 735 1271 Instantesque
773 1205 878 1257 iras
915 1220 1142 1269 caneret,
1183 1208 1497 1276 clademque
1535 1212 1781 1263 futuram.

368 1295 575 1344 Interea
615 1293 813 1349 Divfim
852 1296 1057 1346 monitu
1095 1307 1377 1349 contexere
1414 1309 1622 1351 vastum

367 1383 539 1433 Instar
577 1383 773 1434 montis
810 1400 946 1449 opus
983 1384 1186 1450 coepit:
1227 1404 1335 1452 quo
1373 1387 1643 1440 clauderet
1671 1407 1829 1441 omne

367 1471 806 1538 Quadrupedum,
847 1473 1229 1541 volucrumque
1266 1493 1451 1541 genus,
1492 1478 1819 1545 stirpemque
1855 1490 2140 1546 nepotum:

369 1560 762 1627 Formabatque
799 1571 967 1613 ratem
1007 1563 1216 1629 magnis
1251 1582 1412 1631 super
1448 1583 1648 1632 aequor
1685 1568 1877 1619 ituram

370 1650 605 1700 Motibus
643 1660 696 1701 et
733 1651 924 1716 grandi
961 1669 1263 1717 pressuram
1304 1655 1672 1710 Nereamole.

370 1739 555 1790 Clarus
593 1739 768 1789 adhuc
805 1739 970 1790 radiis
1007 1742 1210 1793 Phoebi
1248 1743 1543 1795 lucentibus
1580 1747 1762 1796 aether

369 1829 710 1894 Splendebat,
752 1845 917 1895 quum
954 1830 1100 1896 ligna
1139 1830 1299 1892 faber,
1339 1849 1653 1899 caesamque
1692 1845 1903 1899 pararet

371 1917 665 1978 Materiem,
706 1918 944 1969 nondum
983 1919 1139 1970 tellus
1177 1931 1503 1986 cognoverat
1540 1922 1763 1974 imbres:

371 2008 480 2059 Sed
520 2007 801 2067 crescentis
838 2008 1014 2059 adhuc
1051 2019 1175 2074 post
1215 2009 1386 2074 prima
1423 2012 1641 2062 exordia
1679 2014 1862 2063 mundi

372 2097 537 2146 Terra
575 2105 777 2162 patenS‚
818 2096 1144 2163 proprioque
1181 2099 1401 2149 madens
1438 2100 1660 2151 humore
1698 2102 1899 2153 serebat

373 2185 595 2236 Omnia:
636 2195 1006 2252 proventuque
1042 2204 1168 2238 suos
1206 2188 1424 2239 meliore
1460 2189 1679 2241 colonos

374 2277 566 2341 Iugera
602 2275 905 2341 pascebant,
945 2276 1299 2343 gravioraque
1335 2277 1537 2328 semina
1575 2279 1794 2339 culmos,

375 2366 648 2430 Pomaque
685 2364 873 2415 maiori
910 2366 1200 2416 curvabant
1235 2367 1474 2431 pondere
1511 2385 1703 2422 ramos,

375 2455 525 2504 Tunc
563 2453 723 2504 etiam
762 2453 959 2504 virides
996 2453 1243 2505 animalia
1280 2464 1395 2507 tuta
1433 2473 1528 2521 per
1565 2473 1726 2522 agros

377 2545 438 2594 In
475 2543 667 2609 longos
705 2552 926 2593 ventura
965 2560 1147 2605 annoS,
1189 2561 1486 2610 aevumque
1522 2545 1687 2595 senile

377 2631 630 2683 Gramina
668 2631 974 2690 tondebant,
1015 2632 1252 2690 nondum
1291 2632 1487 2683 violata
1524 2633 1726 2699 pruinis

379 2723 492 2773 Nec
529 2722 735 2789 gelidas
772 2731 989 2787 experta
1026 2721 1192 2781 niveS,
1233 2721 1329 2772 sed
1368 2721 1517 2772 mitia
1554 2721 1707 2772 Veris

379 2814 646 2877 Tempora
684 2821 738 2862 et
775 2810 1046 2863 assiduum
1085 2810 1444 2875 placidissima
1481 2810 1680 2876 frigora
1719 2827 1927 2871 rorem3

380 2901 634 2952 Nondum
676 2899 979 2966 Lampeties
1017 2899 1212 2950 Ithacis
1249 2909 1487 2951 armenta
1525 2899 1727 2950 colonis

381 2991 691 3051 Obfuerant‚
730 3007 826 3040 nec
862 2989 966 3039 fixa
985 3006 1132 3048 ,veru
1171 2998 1473 3039 versaverat
1507 2998 1629 3039 exta

382 3080 656 3140 GerioneS,
694 3078 931 3129 nondum
969 3078 1174 3128 fuerant
1211 3077 1456 3143 magalia,
1494 3077 1720 3128 necdum

384 3172 590 3235 Raptor
627 3167 921 3219 Aventinos
960 3168 1250 3217 macularat
1286 3166 1543 3232 sanguine
1578 3167 1766 3218 colles:

385 3259 554 3326 Impia
592 3275 689 3309 nec
726 3257 892 3308 caesis
929 3256 1179 3307 vivebant
1213 3257 1423 3306 saecula
1461 3255 1646 3311 bobus.

383 3351 537 3400 Tunc
572 3347 736 3413 igitur
773 3345 958 3412 populi
996 3344 1266 3406 indociles,
1306 3344 1491 3410 ignara
1530 3343 1705 3395 Defim
1744 3361 1876 3410 gens·

385 3438 639 3488 Mirantes
677 3435 804 3486 ratis
841 3434 1152 3485 immensam
1190 3449 1510 3498 consurgere
1548 3433 1759 3493 molem,

386 3525 679 3578 Consilium
718 3540 965 3590 sprevere
1002 3521 1118 3583 viri,
1159 3538 1254 3572 nec
1292 3520 1434 3571 dicta
1471 3530 1725 3586 putarunt

389 3614 572 3680 Digna
605 3613 709 3663 fide
746 3621 800 3663 et
836 3621 1076 3662 sanctum
1115 3610 1255 3661 senis
1292 3609 1500 3660 irrisere
1536 3609 1782 3660 furorem.

388 3704 526 3753 Ecce
564 3702 715 3767 niger
752 3700 916 3766 piceis
941 3700 1159 3751 ‘velatur
1195 3698 1421 3750 nubibus
1461 3706 1551 3748 aer
