2508 3978
1084 129 1320 169 „31-

251 238 340 290 Sic
376 254 626 299 percussa
662 236 843 303 gravis
881 236 1104 288 monstri
1143 253 1201 287 se
1237 235 1475 301 pondere
1513 234 1673 285 tellus.

250 326 533 387 Dissecuit,
574 326 944 392 gremiumque
981 326 1091 376 alto
1129 323 1378 390 patefecit
1416 323 1582 374 hiatu.

248 414 399 466 Sicut
434 414 745 465 Adrastaeis
781 430 903 465 cum
942 422 1119 464 vatem
1158 411 1435 462 absorbuit
1484 411 1629 477 agris

249 502 485 569 Campus
523 513 577 554 et
614 512 820 554 armato
857 501 1118 569 percussit
1155 511 1353 551 tartara
1389 517 1564 560 curru,

250 593 356 644 Seu
394 593 611 658 quando
649 591 834 642 inferni
871 607 1002 641 cava
1021 599 1239 655 guttura
1277 588 1494 640 Curtius
1533 588 1667 638 antri

248 681 452 732 Clausit
489 694 543 731 et
582 680 793 746 Elysios
833 678 1123 729 tremefecit
1159 678 1397 743 pondere
1433 693 1669 742 campos,
1714 709 1716 711 v

248 768 345 818 Vel
384 769 601 834 quando
638 768 838 818 electae
875 766 1049 833 primo
1087 767 1186 816 sub
1225 765 1399 816 iudice
1436 764 1613 830 gentis

248 857 414 906 Terra
455 857 685 916 Choren,
725 855 1007 922 sociosque
1043 856 1204 905 altam
1244 853 1497 905 demersit
1535 853 1588 903 in
1627 853 1823 905 alvum.

247 945 418 994 Antra
454 943 618 1010 igitur
655 944 845 1010 grandi
883 944 1105 994 laterum
1145 943 1353 993 sinuata
1394 958 1601 992 recessu

248 1033 393 1083 Inter
430 1050 488 1084 se
524 1033 654 1098 ripis
691 1049 904 1083 summo
941 1032 1254 1083 coeuntibus
1291 1047 1386 1082 ore

248 1122 400 1173 More
438 1122 577 1187 pilae
615 1122 824 1188 quoties
861 1131 1022 1172 vento
1060 1120 1334 1186 consurgit
1371 1121 1425 1170 in
1463 1120 1647 1171 orbem

246 1211 306 1260 In
345 1211 482 1261 latos
519 1211 714 1261 abeunt
752 1210 955 1261 curvati
995 1209 1208 1260 fornicis
1245 1226 1415 1269 arcus,

246 1299 439 1364 Fitque
477 1299 664 1365 ingens
702 1300 897 1350 domus
934 1300 1258 1358 umbrarum,
1299 1313 1660 1363 praecepsque
1686 1297 2013 1348 barathrum.

244 1387 357 1437 Illic
396 1388 711 1452 sulphureos
750 1387 994 1438 incendia
1033 1387 1186 1452 nigra
1224 1386 1458 1450 liquores

167 1473 170 1476 ⁴
244 1475 509 1526 Lambunt
545 1486 600 1525 et
638 1475 859 1526 dubium
900 1476 1050 1541 quasi
1091 1475 1263 1541 prima
1301 1474 1610 1540 crepuscula
1648 1475 1828 1524 lumen

239 1564 523 1630 Spargitur
560 1575 614 1615 et
652 1564 788 1615 tristi
827 1565 1061 1630 caligant
1098 1575 1296 1615 tartara
1335 1565 1498 1614 sum0.

239 1653 345 1704 Hic
382 1663 504 1703 sunt
542 1654 802 1719 lugentes,
843 1653 1030 1704 mortis
1067 1654 1260 1704 domus
1299 1653 1478 1718 impia,
1521 1654 1696 1720 campi

241 1742 453 1807 Regnat
491 1743 580 1792 ubi
621 1743 878 1792 scelerum
918 1743 1218 1807 lacrymoso
1256 1742 1308 1793 in
1347 1759 1558 1794 carcere
1596 1754 1767 1795 mater

238 1831 503 1882 Exercens
542 1831 727 1896 poenis
765 1830 984 1890 animaS,
1025 1831 1307 1897 claudique
1345 1832 1575 1882 tenebris

239 1919 523 1985 Indignata
560 1919 751 1978 fremit,
791 1920 973 1970 clauso
1010 1937 1107 1971 ceu
1146 1920 1327 1971 nubila
1366 1932 1543 1981 vent0‚

240 2007 376 2057 Cum
417 2008 594 2073 piceas
633 2009 882 2073 frangunt
919 2009 1154 2060 clamosa
1193 2010 1427 2060 tonitrua
1463 2011 1651 2064 nubes,

460 2096 672 2162 (Quare
709 2097 971 2162 Superbia
1009 2099 1206 2148 dicitur
1242 2105 1367 2149 nata
1406 2117 1600 2164 magno
1627 2101 1914 2164 Apolline).

388 2186 536 2237 Haec
574 2196 670 2247 est,
711 2204 872 2252 quam
913 2197 1120 2238 veteres
1157 2187 1341 2238 dicunt
1382 2188 1715 2240 Phaethonta
1751 2197 1944 2254 poetae

236 2274 530 2325 Aethereos
567 2275 712 2325 docti
750 2291 952 2337 cursuS,
992 2292 1286 2342 causasque
1323 2276 1547 2328 latentes

239 2362 457 2427 Ignibus
496 2362 740 2423 aeternis,
779 2364 859 2414 sol
898 2373 980 2414 est
1017 2364 1110 2430 qui
1148 2364 1313 2415 corda
1338 2366 1583 2431 superbis

236 2451 477 2500 Incendit
514 2451 758 2513 stimuliS,
797 2452 1143 2519 tumidosque
1180 2453 1234 2504 in
1274 2464 1492 2520 pectora
1530 2455 1698 2506 fastus

234 2538 400 2588 Mittit
438 2548 492 2588 et
529 2538 810 2604 impatiens
847 2541 965 2606 figit
1002 2542 1102 2591 sub
1139 2542 1303 2592 corde
1341 2559 1619 2595 venenum.

236 2627 523 2691 Propterea
561 2644 627 2678 ex
663 2628 774 2679 alto
811 2628 1076 2680 labentem
1115 2630 1331 2680 cardine
1370 2631 1579 2696 fingunt

234 2716 508 2765 Audacem
547 2715 807 2782 aurigam,
848 2716 1133 2782 fractisque
1171 2734 1268 2783 per
1305 2727 1429 2769 aera
1467 2719 1595 2771 loris

235 2802 375 2853 Solis
413 2821 582 2869 equos
619 2814 779 2870 caput
818 2805 1037 2856 Eridani
1078 2807 1323 2859 mersisse
1361 2809 1461 2859 sub
1499 2810 1687 2865 undas,

235 2892 323 2942 Ad
361 2909 584 2957 superos
620 2892 733 2958 egit
771 2894 980 2959 quoties
1019 2904 1171 2961 pater
1208 2896 1407 2947 arduus
1444 2897 1555 2948 alto

233 2981 436 3030 Annuit
473 2999 504 3031 a
543 2982 678 3033 solio
717 2992 771 3033 et
808 2984 974 3034 latum
1014 2984 1301 3051 imperiosa
1338 3003 1433 3051 per
1470 2987 1655 3038 orbem

235 3069 542 3130 Bacchatur,
582 3087 850 3138 supraque
887 3089 1011 3124 suas
1051 3075 1331 3126 temeraria
1385 3076 1524 3127 vires

231 3159 409 3208 Audet
447 3169 501 3209 et
539 3159 766 3211 infausto
804 3161 1002 3213 amittit
1038 3163 1318 3214 conamine
1356 3165 1530 3216 vires:

227 3246 440 3297 Scilicet
477 3264 635 3298 omne
676 3249 794 3301 Deo
833 3261 1018 3302 contra
1057 3251 1256 3303 nitente
1293 3254 1584 3319 superbum

226 3332 507 3386 Evanescit
544 3352 695 3401 opuS,
736 3337 875 3390 sicut
912 3356 1034 3390 cum
1072 3340 1246 3406 surgit
1283 3341 1338 3392 in
1374 3359 1532 3393 auras

228 3422 525 3474 Eructantis
563 3441 733 3489 aquae
771 3425 977 3487 fluctus,
1019 3444 1143 3478 mox
1181 3428 1378 3479 vertice
1424 3446 1608 3495 presso

231 3511 444 3562 Decidit
481 3522 534 3562 et
572 3529 825 3578 spumans
863 3514 972 3565 alto
1011 3516 1341 3582 demergitur
1378 3535 1551 3577 amne,

230 3598 410 3663 Atque
447 3599 673 3650 humiles
712 3600 847 3652 inter
884 3601 997 3653 sine
1034 3603 1247 3654 nomine
1285 3605 1537 3669 praeterit
1574 3606 1763 3661 undas.

232 3686 352 3736 Hoc
388 3686 546 3737 docet
584 3688 920 3754 Allophylus,
961 3689 1214 3755 Solymae
1251 3691 1342 3757 qui
1384 3694 1601 3744 verbere
1650 3695 1845 3745 fundae
