2508 3978
1071 122 1306 165 ‚35-

242 234 392 295 Lilia,
433 232 710 293 narciSSOS,
751 231 936 291 violaS,
977 231 1162 282 flentes
1201 230 1532 295 hyacinthOS,

243 322 632 388 Purpureisque
672 337 886 372 crocum
923 320 1079 381 foliis»,
1119 329 1477 386 mentamque‚
1518 320 1871 384 thymumque

243 414 481 478 Pangere
519 421 574 462 et
609 410 848 461 innocuis
886 409 1050 460 vitam
1089 409 1366 459 traducere
1404 408 1559 460 curis,

785 499 995 564 (Cetera
1034 497 1276 547 Invidiae
1306 498 1598 560 facinora).

391 588 549 639 Unde
585 588 701 638 viro
740 586 862 637 sorti
901 585 1154 636 damnum
1193 595 1362 651 parat,
1403 585 1527 635 inde
1563 584 1819 643 salutem,

245 677 432 743 Gignit
468 687 523 728 et
560 676 674 742 ipse
710 691 810 726 suo
849 674 992 725 cadit
1029 674 1165 727 ictus
1203 675 1419 725 vulnere
1458 673 1610 729 livor.

245 765 489 817 Pluribus
525 764 732 815 excelsa
770 764 856 814 vel
894 781 1058 828 opum
1098 763 1182 814 vel
1220 762 1439 813 honoris
1477 763 1545 814 ab
1582 778 1704 813 arce

245 853 448 904 Profuit
484 854 555 903 ad
592 852 835 904 modicae
871 851 1031 903 sortis
1068 851 1323 902 cecidisse
1361 851 1629 917 quietem:

243 943 396 994 Sicut
432 941 572 992 enim
612 941 828 1007 quando
869 940 1067 1008 rutilat,
1107 949 1426 1007 noctemque
1465 939 1673 991 rubenti

245 1033 355 1082 Ore
392 1032 543 1096 sugat
578 1032 739 1082 carbo
778 1030 832 1081 in
869 1029 1088 1088 cinereS,
1129 1039 1407 1096 atramque
1444 1029 1676 1080 favillam

247 1119 497 1178 Solvitur,
537 1119 781 1170 extinctis
818 1119 862 1170 si
900 1117 1118 1169 cesserit
1156 1117 1369 1183 ignibus
1407 1118 1583 1178 ardor,

248 1208 470 1260 Saecula
509 1209 652 1258 nulla
689 1208 873 1268 timet,
898 1207 973 1258 sic
1012 1224 1161 1257 mens
1199 1207 1442 1261 humana,
1469 1206 1701 1270 superbo

247 1296 497 1348 Tabescit
533 1297 688 1357 fastu,
729 1297 993 1362 rebusque
1031 1295 1169 1346 elata
1209 1294 1454 1346 secundis

246 1386 463 1450 Torpet,
503 1395 559 1435 at
595 1394 809 1436 exsecto
845 1384 998 1444 viret,
1039 1383 1364 1450 evigilatque
1400 1393 1624 1441 tumore.

241 1475 561 1539 ‘incoeptum
598 1483 900 1539 repetamus
938 1473 1054 1534 iter,
1095 1473 1349 1524 miremur
1380 1471 1567 1535 'averni

251 1562 511 1622 Militiam,
551 1562 704 1613 famis
742 1572 797 1615 et
834 1562 1025 1622 morbi,
1064 1579 1384 1628 pugnaeque
1421 1570 1713 1627 parentem·

251 1651 430 1702 Zoilus
467 1650 550 1701 his
588 1661 736 1702 actus
775 1651 1018 1711 stimuliS,
1059 1652 1162 1701 hoc
1201 1651 1651 1716 percitusoestro

252 1739 460 1791 Inachis
499 1750 552 1790 et
591 1740 862 1805 quondam
902 1740 1132 1805 populos
1170 1756 1291 1789 cum
1332 1739 1477 1790 venit
1515 1740 1584 1790 ad
1624 1739 1850 1791 hosdem

253 1828 506 1879 Divinum
546 1828 732 1879 audaci
773 1828 902 1879 dum
940 1838 1183 1894 carperet
1220 1845 1312 1878 ore
1351 1835 1583 1894 poetam,

251 1918 359 1968 Seu
398 1917 658 1982 Smyrnae
697 1934 790 1967 seu
828 1917 1062 1970 Maeonii
1087 1917 1432 1983 Colophonis
1471 1917 1743 1968 alumnum

256 2006 420 2072 Regis
458 2006 528 2056 ad
565 2005 844 2071 imperium
883 2006 1013 2071 pino
1050 2022 1337 2072 suspensus
1375 2007 1444 2057 ab
1483 2006 1591 2057 alta

252 2094 446 2146 Tristia
486 2094 723 2146 Niliacae
759 2094 884 2145 fecit
920 2096 1222 2160 spectacula
1260 2095 1419 2162 plebi.

255 2183 344 2234 Sic
382 2193 563 2249 pereat
601 2183 922 2249 quicumque
959 2183 1079 2249 pios
1117 2185 1322 2236 auferre
1358 2185 1567 2236 labores

257 2271 456 2322 Nititur
493 2281 548 2322 et
584 2289 735 2323 sacro
774 2282 955 2324 vatum
994 2289 1100 2323 non
1127 2273 1310 2338 parcit
1347 2274 1553 2324 honori.

404 2359 595 2410 Cetera
631 2361 895 2412 dicturum
933 2378 1093 2427 super
1131 2362 1214 2412 his
1252 2359 1481 2416 crudelis
1520 2362 1702 2428 imago

257 2448 468 2499 Terruit
506 2449 749 2500 immanis
787 2450 1009 2502 monstri
1048 2450 1307 2501 venientis
1346 2451 1423 2502 ad.
1454 2468 1610 2502 auras

260 2538 464 2602 Impete
501 2555 622 2588 cum
662 2555 875 2604 magno,
915 2539 1045 2589 fusis
1084 2556 1178 2605 per
1216 2549 1369 2605 terga
1406 2540 1640 2591 colubris
1917 2590 1919 2592 ,

258 2625 469 2677 Circum
509 2626 749 2692 equitant
786 2626 1058 2678 dominam
1097 2627 1278 2690 suriae,
1320 2628 1670 2695 manibusque
1707 2627 1941 2694 flagella,

259 2715 495 2775 Vincula,
538 2715 1030 2782 flammivomasque
1067 2717 1207 2768 faces
1245 2727 1299 2768 et
1335 2717 1594 2783 sanguine
1632 2717 1794 2769 tincta

259 2805 389 2856 Tela
426 2804 613 2865 serunt,
654 2803 863 2855 vehitur
899 2804 1138 2870 plaustro
1176 2805 1432 2857 stridente
1470 2806 1709 2873 supellex

262 2892 470 2953 Martia,
510 2892 722 2954 loricae,
761 2893 951 2958 clypei,
991 2894 1284 2960 galeaeque
1323 2895 1594 2955 micantes,
1728 2949 1730 2951 ,

260 2981 636 3046 Conorumque
674 2980 846 3042 iubae,
886 2982 1245 3048 strepitusque
1284 2983 1498 3034 auditur
1535 3000 1795 3050 equorum

262 3070 331 3119 Et
368 3069 553 3135 procul
591 3069 799 3121 hinnitu
837 3087 1058 3136 campus
1095 3082 1249 3122 sonat
1284 3072 1458 3124 omnis
1497 3082 1670 3125 acuto·

854 3160 1154 3211 Monstrum
1192 3164 1404 3212 tertium
1421 3182 1441 3212 .·
1480 3163 1591 3212 Ira.

411 3247 496 3297 Ira
535 3247 728 3308 minax,
765 3248 982 3314 odiique
1020 3265 1227 3314 parenS,
1271 3250 1530 3301 Mavortis
1568 3250 1785 3300 alumna

263 3334 455 3387 Secum
495 3335 609 3401 agit
645 3335 964 3388 indomitum
1002 3337 1194 3404 Stygia
1233 3338 1301 3390 de
1339 3339 1465 3390 sede
1504 3339 1735 3390 furorem

265 3424 544 3475 Stentorea
582 3424 671 3489 qui
709 3441 843 3476 voce
881 3434 1047 3487 tonat,
1087 3427 1178 3493 qui
1217 3436 1434 3493 gutture
1471 3427 1582 3478 lato

267 3512 532 3563 Fulminat
569 3523 623 3564 et
662 3529 821 3563 rauco
860 3530 1111 3566 resonans
1149 3516 1380 3567 clamore
1418 3516 1660 3582 fugacem

267 3601 578 3667 Pantagiam
616 3611 847 3668 superat,
889 3602 1097 3668 mugire
1135 3603 1570 3666 tonitruadieaS.

268 3688 636 3756 Horrificaque
674 3691 901 3742 fremens
939 3700 1143 3742 aeratas
1182 3709 1313 3743 voce
1349 3692 1598 3743 cohortes
