2508 3978
1090 112 1324 142 —11-

180 213 322 272 vitae
359 238 486 272 suae
523 220 673 271 annis
711 220 939 271 instituit
975 220 1154 286 plures
1190 220 1434 272 Vicarios
1458 218 1761 282 GeneraleS,
1801 223 1898 274 sed
1935 240 2041 274 non
2080 224 2225 275 vide-

181 320 268 361 tur
305 309 633 360 renuntiasse
659 309 868 369 Officio,
897 319 956 360 ut
981 309 1143 375 aliqui
1183 309 1462 371 affirmant,
1502 310 1628 376 quia
1653 329 1685 361 a
1710 311 1936 362 Summo
1959 312 2229 364 'Pontifice

179 406 301 463 post
339 396 452 447 eius
489 395 694 448 obitum
734 394 831 464 (20
858 397 1037 447 Martii
1071 395 1235 460 1516)
1274 407 1477 447 tantum
1503 398 1821 448 'nominatus
1844 404 1929 450 est
1964 399 2078 450 eius
2115 418 2228 451 suc·

175 502 371 546 cessor,
424 501 616 551 nempe
666 485 756 536 die
792 483 867 536 30
906 485 1084 535 Martii
1123 485 1268 536 et-in
1318 486 1408 536 illa
1448 486 1599 536 Bulla
1650 487 1850 537 mentio
1888 488 1948 538 fit
1982 488 2051 538 de
2087 488 2227 539 illius

176 584 364 625 morte.
406 575 634 624 Tantam
671 573 965 624 sanctitatis
1014 573 1208 623 famam
1247 573 1474 639 reliquit,
1516 585 1575 624 ut
1615 575 1770 625 brevi
1812 575 2005 625 Beatus
2048 577 2224 626 ’nomi-

173 673 404 713 naretur.
447 663 657 727 Corpus
695 662 810 712 eius
847 662 1212 727 incorruptum
1250 661 1425 712 adhuc
1463 672 1808 713 conservatur
1840 664 1892 714 in
1919 664 2226 715 Cathedrali

174 750 440 810 Mantuae,
478 760 639 815 prout
664 744 778 815 ipse
804 751 930 810 vidi,
970 767 1090 801 cum
1129 766 1354 815 corpore
1393 751 1451 802 B.
1482 751 1876 802 Bartholomaei
1917 752 2070 802 Fanti
2110 753 2224 803 eius

176 839 437 904 Magistri.
478 838 666 889 Cultus
694 840 751 889 B.
782 839 1052 904 Baptistae
1077 856 1109 889 a
1136 839 1316 889 Leone
1340 840 1476 888 XIII
1517 839 1844 904 approbatus
1881 849 1964 890 est
1997 839 2060 889 17
2091 842 2221 891 Dee.

179 925 337 986 1885,
361 926 513 978 cuins
538 927 818 978 occasione
843 927 1142 992 Episcopus
1169 927 1437 988 Mantuae,
1467 938 1653 992 postea
1681 928 1804 979 Pius
1829 930 1899 988 X,
1939 929 2216 993 pulchram

170 1017 468 1068 orationem
507 1015 707 1067 habuit.
748 1017 870 1081 Ipse
911 1016 1035 1067 Pius
1072 1017 1124 1066 X
1171 1014 1236 1065 18
1276 1016 1454 1066 Martii
1498 1014 1638 1066 1909
1665 1017 1998 1068 confirmavit
2023 1018 2222 1068 cultum

175 1109 233 1158 B.
271 1105 440 1159 Fanti..

325 1197 376 1247 A
416 1195 660 1260 plurimis
709 1195 889 1246 etiarn·
924 1195 1148 1245 durante
1187 1195 1312 1255 vita,
1353 1194 1568 1245 maximi
1614 1195 1924 1245 aestimatus
1959 1203 2058 1246 est.
2100 1196 2223 1260 Ipse

169 1286 355 1336 scribit
390 1285 442 1335 in
484 1285 726 1350 Epistola
764 1284 833 1334 ad
870 1284 1084 1333 fratrem
1126 1283 1493 1334 Ptolomaeum
1544 1293 1729 1334 contra
1779 1283 2220 1334 calumniatores:

176 1390 208 1423 ια
237 1373 511 1439 Leguntur
549 1372 746 1438 ubique
780 1371 941 1422 libelli
982 1372 1085 1422 mei
1124 1381 1178 1422 et
1202 1371 1451 1422 videntur
1486 1387 1603 1422 esse
1641 1371 1805 1422 totius
1843 1371 1986 1422 orbis
2025 1371 2222 1422 iudicio

170 1461 507 1527 approbati...
546 1461 654 1511 sere
691 1459 832 1510 enim
872 1460 925 1510 in
965 1469 1136 1510 totum
1178 1459 1641 1510 Christianismum
1681 1469 2049 1524 pervenerunt,
2089 1476 2220 1524 quo-

171 1566 400 1615 cumque
435 1549 598 1599 latina
627 1548 810 1614 lingua
847 1558 928 1598 est
954 1548 1197 1599 diffusa...
1238 1548 1473 1598 Veniunt
1509 1548 1579 1598 ad
1618 1565 1703 1598 me
1741 1548 1928 1598 crebro
1966 1547 2222 1612 epistolae

170 1656 237 1689 ex
277 1637 482 1698 Galliis,
522 1655 588 1688 ex
626 1637 948 1697 BrittanniiS,
977 1655 1008 1687 a
1035 1636 1338 1696 Germania,
1379 1654 1445 1687 ex
1485 1636 1669 1696 Dacia,
1708 1636 1776 1686 ab
1814 1653 2015 1686 oceano
2053 1653 2222 1701 usque

171 1726 459 1786 Cimbric0,
480 1726 675 1791 quibus
702 1724 941 1791 intelligo
968 1726 1224 1791 opuscula
1251 1742 1368 1775 mea
1395 1724 1502 1774 illic
1526 1741 1643 1775 esse
1668 1725 1722 1774 in
1749 1724 1936 1790 pretio,
1965 1725 2032 1774 ab
2059 1725 2221 1774 omni·

171 1816 270 1866 bus
309 1816 434 1882 legi,
475 1815 542 1866 ab
593 1815 840 1865 omnibus
891 1814 1173 1870 laudari»,
1214 1815 1413 1864 Verum
1453 1814 1613 1863 etiam
1663 1813 1765 1863 sibi
1816 1813 2057 1863 conscius
2107 1823 2220 1863 erat

171 1906 489 1955 defectuum.
530 1906 688 1953 Anno
722 1902 862 1953 1508
888 1903 1097 1968 scripsit
1123 1903 1175 1953 in
1201 1903 1390 1953 eadem
1431 1902 1673 1968 Epistola
1711 1902 1837 1967 (Ed.
1873 1901 2030 1962 1576,
2059 1912 2095 1952 t.
2126 1903 2216 1961 IV,

172 2011 224 2058 p.
265 1992 388 2058 80):
432 2011 461 2043 <‹
492 1992 652 2043 Edidi
691 2002 744 2042 et
781 2009 886 2058 ego
923 1991 1107 2042 vivens
1145 2009 1308 2057 opera
1348 2009 1482 2052 mea,
1523 2002 1583 2042 ut
1619 1992 1749 2042 vitia
1803 1991 2042 2041 erudiam
2083 2008 2219 2056 quae

170 2092 491 2133 annotantur
525 2091 580 2132 et
604 2098 742 2146 quae
778 2081 1018 2131 excusari
1057 2091 1296 2154 possunt,
1336 2097 1583 2131 excusem
1608 2080 1846 2130 vivenS...
1874 2081 1971 2130 feci
2004 2097 2218 2145 quoque

167 2167 273 2222 hoc
309 2188 537 2230 eorsum,
577 2180 636 2220 ut
674 2187 889 2220 manum
947 2169 1235 2235 aliquando
1291 2169 1521 2220 levarem
1562 2169 1631 2218 de
1667 2167 1879 2229 tabula;
1934 2178 1988 2218 et
2026 2179 2085 2218 ut
2135 2168 2216 2218 his

167 2258 310 2310 curis
346 2259 620 2309 absolutus
658 2259 728 2308 ad
768 2257 1097 2323 Theologiae
1147 2257 1399 2317 studium,
1441 2274 1549 2323 quo
1587 2258 1748 2322 longe
1799 2256 1917 2322 plus
1961 2257 2214 2316 oblector,

169 2365 255 2398 me
292 2347 599 2402 conferrem.
641 2347 760 2411 Ego
799 2364 1027 2412 namque
1057 2348 1247 2396 Poema
1290 2363 1449 2396 omne
1485 2345 1710 2411 carptim
1750 2346 2026 2410 composui
2056 2363 2085 2394 »
2114 2355 2213 2394 etc.

167 2436 313 2487 Alibi
362 2435 561 2495 scribit,
600 2436 746 2501 quod
785 2452 908 2485 mox
946 2435 1184 2485 editurus
1222 2444 1303 2485 est
1345 2435 1553 2500 aliquos
1590 2451 1790 2494 versus,
1831 2433 2074 2499 quamvis
2114 2433 2212 2482 sibi

165 2541 354 2590 parum
393 2523 636 2589 placeant
673 2524 934 2587 (Gabotlo,
980 2541 1032 2588 p.
1069 2522 1175 2587 17).
1218 2524 1340 2573 Hoc
1376 2523 1667 2572 amicorum
1708 2522 1984 2572 desideriis
2023 2538 2213 2572 conve-

165 2613 279 2663 nire
317 2612 507 2678 potuit,
548 2612 643 2662 sed
693 2612 864 2662 famae
914 2629 1040 2662 suae
1090 2611 1286 2662 nocuit.
1342 2612 1502 2661 Anno
1546 2610 1687 2661 1490
1729 2611 1967 2676 Baptista
2004 2611 2213 2675 scripsit

170 2701 296 2752 Pico
334 2701 505 2766 (Mon.
545 2701 664 2751 hist.
713 2701 908 2761 Carm„
949 2718 1000 2765 p.
1042 2698 1176 2764 494)
1215 2717 1340 2751 suos
1378 2699 1584 2751 libellos
1622 2700 1680 2765 (i.
1722 2717 1769 2750 a.
1808 2701 1896 2750 De
1930 2701 2210 2750 Calamila·

164 2792 302 2841 tibus
340 2796 630 2854 temporum
676 2787 814 2839 1489
842 2800 896 2840 et
921 2790 1096 2840 forsan
1126 2789 1471 2840 Parthenicen
1512 2789 1805 2839 Marianam
1853 2787 1991 2839 1488
2031 2799 2084 2839 et
2122 2789 2213 2839 ite·

168 2896 283 2929 rum
329 2877 493 2943 1489)
537 2895 568 2928 ‹<
593 2878 753 2928 fuisse
791 2888 912 2928 ante
950 2888 1161 2943 tempus
1199 2877 1491 2928 ablactatos
1530 2887 1584 2928 et
1621 2888 1743 2928 ante
1785 2878 2209 2928 emendationem

166 2968 422 3018 formatos
462 2976 516 3016 et
552 2966 725 3017 editos
752 2983 783 3017 »
825 2967 944 3032 ipso
982 2966 1149 3017 inscio
1187 2977 1241 3017 et
1279 2967 1512 3018 absente.

316 3053 552 3106 Celebris
593 3055 816 3106 Ioannes
857 3055 1010 3105 Picus
1052 3054 1382 3105 Mirandulae
1421 3055 1455 3105 9
1495 3056 1643 3121 Sept.
1679 3053 1819 3104 1490
1858 3054 1929 3104 illi
1971 3054 2206 3119 scripsit:

170 3162 197 3195 <1
231 3142 375 3194 Olim
414 3143 485 3194 ad
522 3153 574 3193 te
613 3160 719 3194 non
775 3143 978 3209 scripsi,
1020 3144 1176 3194 Pater
1232 3143 1450 3209 optime,
1490 3144 1587 3195 sed
1644 3143 1853 3194 interim
1910 3143 2015 3208 legi
2073 3160 2209 3209 quae

162 3230 436 3297 scripsisti,
476 3230 655 3282 divina
692 3231 892 3283 scilicet
929 3242 1089 3298 atque
1124 3231 1458 3284 sanctissima
1494 3242 1586 3283 tua
1622 3240 1885 3297 poemata,
1927 3231 1980 3281 in
2018 3230 2210 3296 quibus

165 3338 226 3372 ea
266 3337 439 3371 rerum
482 3319 745 3380 maiestaS,
786 3320 830 3371 is
866 3319 1118 3386 splendor
1155 3330 1235 3371 est
1260 3320 1609 3386 eloquentiae,
1639 3329 1700 3370 ut
1735 3320 1975 3370 certatim
2015 3319 2068 3369 in
2107 3318 2208 3369 illis

164 3408 394 3474 palmam
448 3407 547 3457 sibi
587 3407 853 3458 vindicare
889 3408 1052 3459 verba
1091 3418 1145 3459 et
1195 3408 1484 3459 sententiae
1523 3407 1817 3459 videantur.
1873 3408 1994 3458 Hoc
2043 3424 2204 3456 unum

154 3496 363 3570 dixero,
404 3495 653 3547 delectari
695 3513 778 3546 me
816 3496 951 3547 adeo
989 3496 1215 3548 lectione
1242 3506 1454 3549 tuorum
1494 3497 1803 3557 carminum,
1832 3506 1889 3546 ut
1928 3496 2035 3546 fere
2073 3513 2203 3561 quo-

164 3585 307 3645 tidie,
347 3602 466 3636 cum
521 3603 605 3635 me
644 3586 725 3636 vel
780 3584 1012 3636 taedium
1052 3585 1135 3636 vel
1174 3585 1416 3652 fatigatio
1467 3585 1682 3651 ceperit,
1724 3584 1776 3635 in
1828 3584 1916 3635 illa
1960 3584 2111 3651 quasi
2152 3584 2203 3634 in

164 3674 377 3724 hortum
418 3673 724 3730 deliciarum
762 3673 950 3725 solitus
988 3674 1087 3724 sim
1126 3673 1393 3735 secedere,
1432 3673 1572 3725 unde
1610 3673 1788 3724 animo
1815 3682 1958 3724 tanta
1996 3689 2205 3737 semper
