2508 3978
1111 99 1317 138 ..9-

433 205 584 255 Haec
621 204 690 255 de
727 214 880 270 patre
917 204 1064 264 satiS,
1104 213 1347 269 superest
1383 210 1625 254 materna
1640 209 1898 269 propago,

284 293 441 344 Clara
478 292 686 358 opibuS,
726 293 868 344 clara
905 292 1150 358 ingeniiS,
1189 293 1331 343 clara
1369 293 1584 343 ausibus
1621 292 1758 343 altis.

285 383 437 432 Neve
474 398 569 446 per
607 381 862 447 ambages
901 381 1031 432 fluat
1067 381 1353 432 insinuatio
1391 382 1596 447 longaS,

287 469 464 520 Brixia
500 469 811 535 progeniem
850 470 1015 535 longo
1053 468 1158 520 iam
1197 478 1437 535 tempore
1477 469 1675 519 Maiam

289 556 455 608 Novit
490 565 545 608 et
580 555 829 621 auspiciis
866 555 980 606 eius
1017 555 1236 606 feliciter
1274 565 1430 606 aucta
1466 566 1549 607 est

291 645 506 695 Publica
542 661 643 696 res,
685 643 811 694 Fuit
848 660 914 694 ex
953 644 1132 715 Maiis,
1167 644 1259 710 qui
1298 644 1509 695 moenia
1553 645 1822 710 quondam

292 732 544 784 Restituit
580 743 689 792 tua,
729 732 835 783 iam
875 732 1025 784 senio
1063 732 1296 784 labentia
1333 733 1515 799 longo,

292 821 484 882 Brixia,
523 822 616 888 qui
653 820 884 887 propriis
923 831 1177 887 argentea
1215 822 1433 874 flumina
1473 822 1624 873 duxit

291 910 604 975 Sumptibus
641 919 695 961 et
732 909 916 975 riguos
955 909 1098 961 misit
1134 927 1231 976 per
1266 910 1499 977 compita
1537 912 1724 972 fontes.-

295 1000 400 1050 Iste
438 999 597 1059 idem,
638 998 840 1049 meritis
878 998 1041 1049 decus
1078 999 1487 1065 exposcentibus
1514 1000 1660 1060 illud,

291 1087 451 1138 Venit
487 1087 558 1138 ad
595 1087 877 1152 imperium
915 1087 1135 1152 patriae,
1176 1089 1484 1154 populoque
1522 1090 1751 1150 volente,

296 1177 365 1227 Et
406 1176 655 1242 Princeps
693 1186 748 1227 et
786 1177 977 1227 Pastor
1012 1186 1143 1237 erat,
1183 1194 1280 1228 nec
1318 1177 1508 1229 iustius
1544 1177 1679 1228 alter

292 1266 434 1316 Ante
471 1265 805 1331 gubernavit,
844 1282 940 1316 nec
978 1275 1102 1330 post
1138 1282 1234 1316 sua
1272 1275 1515 1331 tempora
1553 1276 1741 1320 rector.

299 1354 413 1405 Nec
450 1370 534 1404 τω
572 1362 707 1404 teste
735 1363 916 1404 caret:
956 1353 1121 1404 veteri
1160 1354 1456 1406 certissima
1493 1355 1664 1406 famae

299 1443 496 1508 Magna
533 1442 693 1492 fidem
732 1442 929 1494 faciunt
967 1442 1110 1493 illam
1150 1453 1494 1494 monumenta
1530 1454 1627 1509 per
1665 1445 1850 1496 urbem

299 1530 427 1582 Visa
464 1529 579 1581 istis
616 1530 777 1595 paulo
814 1541 938 1582 ante
977 1531 1161 1592 oculiS‚
1202 1531 1334 1597 quid
1372 1541 1520 1583 tanta
1557 1532 1862 1583 moramur?

299 1620 404 1670 Hic
440 1636 656 1685 quoque
693 1619 948 1670 maiorem
987 1620 1192 1685 patriae
1228 1620 1513 1671 meditatus
1549 1621 1619 1671 ad
1658 1637 1812 1671 usum

302 1708 517 1760 Grande
555 1724 707 1773 opuS,
746 1708 990 1759 exhausit
1027 1708 1181 1760 vitrei
1219 1709 1359 1760 vada
1398 1709 1573 1760 lucida
1613 1709 1799 1769 ClesiS,

300 1799 480 1863 Atque
516 1797 669 1846 novis
707 1796 854 1847 fluvii
892 1807 1099 1863 partem
1138 1798 1418 1849 decurrere
1457 1798 1587 1863 ripis

306 1887 468 1947 Fecit,
508 1896 568 1936 ut
604 1885 827 1937 invictas
865 1886 1056 1937 saliens
1094 1887 1228 1938 ferat
1265 1888 1446 1939 alveus
1484 1904 1661 1945 ornOS,

302 1977 374 2027 Et
410 1975 523 2026 sola
560 1984 830 2025 currentes
867 1985 1054 2040 potent
1090 1975 1322 2027 sitientia
1360 1975 1519 2027 rivos.

307 2065 456 2115 Haec
493 2072 576 2114 est
613 2062 757 2113 Maia
794 2063 988 2114 domus
1026 2064 1232 2129 pollens
1270 2065 1567 2130 propagine
1604 2073 1767 2124 tanta,

306 2153 412 2203 Tot
447 2151 602 2202 claris
639 2160 826 2202 ornata
863 2151 1007 2212 viris,
1048 2152 1361 2204 Constantia
1398 2163 1569 2203 mater

307 2242 463 2301 Hinc,
512 2240 791 2297 Germane,
836 2240 931 2291 tibi
971 2241 1190 2292 nuribus
1227 2242 1464 2307 praelata
1502 2241 1726 2306 pudicis,

309 2332 580 2380 Hactenus
619 2328 720 2379 ista
757 2347 918 2396 super
955 2330 1212 2381 domuum
1252 2331 1477 2396 paritate
1517 2331 1742 2381 duarum
1771 2347 1821 2385 ›>.

386 2511 466 2560 Ita
503 2510 651 2561 valor
688 2509 928 2574 opusculi
987 2509 1202 2569 Davari,
1263 2509 1408 2574 quod
1462 2508 1658 2559 Renier
1707 2518 1814 2559 tam
1867 2507 2157 2574 pretiosum
2210 2511 2285 2561 iu-

235 2600 448 2661 dicavit,
513 2599 621 2651 sere
671 2601 816 2649 totus
866 2598 1096 2649 evanuit.
1157 2597 1354 2649 Critica
1405 2608 1528 2664 post
1578 2598 2020 2648 documentorum
2076 2615 2283 2649 accura-

237 2696 345 2741 tam
408 2687 788 2754 inspectionem
843 2689 1019 2737 critice
1080 2685 1294 2737 tractari
1345 2686 1506 2737 debet
1561 2695 1615 2737 et
1670 2686 2109 2752 prudentissime!
2173 2689 2279 2738 Da-

237 2778 350 2830 vari
406 2776 745 2843 reprehendit
791 2775 1077 2841 scriptores
1115 2776 1206 2842 qui
1257 2775 1590 2827 documentis
1639 2792 1747 2827 non
1797 2784 2045 2835 utuntur;
2111 2777 2285 2842 magis

242 2877 418 2919 autem
469 2863 905 2931 reprehensibiles
943 2875 1067 2915 sunt
1103 2864 1195 2930 qui
1234 2864 1554 2915 documenta
1598 2881 1704 2915 non
1749 2873 1995 2915 accurate
2038 2881 2282 2929 perscru-

241 2966 434 3008 tantur.
482 2954 719 3005 Gabotto
771 2954 900 3004 haec
942 2953 1140 3004 Davari
1178 2954 1498 3004 documenta
1549 2953 1729 3019 quoad
1784 2953 2149 3003 Ptolomaeum
2190 2971 2284 3004 no-

243 3045 411 3096 minat
465 3041 894 3107 «irrefragabili
918 3059 949 3092 »
991 3042 1114 3108 (Un
1140 3047 1297 3107 poeta
1334 3043 1462 3097 beat.
1504 3059 1555 3108 p.
1597 3041 1657 3108 5)
1683 3050 1736 3092 et
1762 3041 1887 3091 talia
1925 3040 2098 3107 primo
2138 3059 2286 3108 aspe-

245 3143 333 3186 ctu
371 3132 638 3185 videntur.
1342 3191 1350 3196 ⁶

397 3218 594 3286 Quaeri
632 3228 811 3270 autem
851 3228 1030 3284 potest
1053 3236 1180 3270 num
1205 3219 1366 3270 etiam
1395 3219 1703 3285 illegitimus
1742 3218 2029 3269 invenisset
2068 3236 2286 3271 uxorem

247 3310 367 3361 talis
404 3306 738 3367 conditionis,
777 3306 846 3358 de
883 3324 991 3373 qua
1027 3307 1114 3358 hic
1150 3316 1357 3358 tantum
1397 3307 1716 3358 remittimus
1767 3308 1836 3357 ad
1886 3306 2130 3358 ultimum
2170 3324 2287 3358 ver-

247 3415 364 3451 sum
403 3412 590 3461 supra:
634 3394 810 3460 Super
843 3396 1091 3446 domuum
1124 3398 1354 3457 paritate
1390 3397 1636 3454 duarum,
1695 3396 1790 3446 sed
1839 3403 1998 3460 poeta
2044 3394 2292 3446 discurrit

250 3503 344 3553 per
382 3482 453 3534 27
492 3499 692 3535 versus.
734 3482 934 3534 Verum
974 3500 1374 3550 prosequamur.

401 3570 638 3632 Ordinis,
680 3570 881 3622 Mariae
919 3571 1216 3637 specialiter
1240 3571 1547 3632 consecrati,
1576 3571 1814 3622 habitum
1844 3569 2115 3621 Ferrariae
2148 3570 2289 3622 1464

253 3661 486 3718 induisse
523 3659 750 3718 videtur,
791 3669 851 3710 ut
886 3669 1034 3725 patet
1072 3676 1138 3710 ex
1174 3659 1286 3710 eius
1325 3659 1515 3711 litteris
1565 3661 1635 3712 ad
1674 3669 1879 3726 patrem
1917 3658 2198 3730 publicatis
2238 3661 2290 3712 in
