2508 3978
1098 114 1331 155 ,33-

265 222 528 282 Tabescit,
568 238 905 288 quocumque
943 221 1061 271 ierit
1099 219 1400 272 teterrimus
1439 218 1548 272 oris

262 310 492 375 Spiritus
529 326 782 376 agrorum
820 309 1017 360 virides
1053 307 1300 359 interficit
1343 308 1551 361 herbas.

261 400 484 452 Caetera
520 399 785 451 nonnullis
823 409 1060 465 parcunt,
1101 398 1364 464 certisque
1403 414 1605 448 venena

258 489 618 550 GraminibuS,
659 489 974 554 magicaque
1009 487 1184 538 solent
1223 486 1499 537 mitescere
1536 485 1735 550 lingua.

260 578 478 628 Pontica
516 577 913 643 magnanimum
951 575 1231 626 celebrant.
1257 573 1607 625 medicamina
1643 589 1826 638 regem
1912 618 1915 620 .

257 667 411 731 Quae
449 666 570 717 satis
608 665 1048 724 obstare’serunn
1090 663 1173 714 his
1212 663 1300 714 ille
1335 662 1543 714 solebat
1577 700 1579 702 .

255 755 413 806 Virus
450 766 505 806 et
542 754 781 806 occultae
819 753 1037 803 insidias
1075 762 1413 803 contemnere
1448 749 1654 804 mortis,
1732 801 1734 805 ,

253 844 498 909 Tangere
536 842 762 894 caerulei
801 858 1051 908 squamas
1086 850 1142 890 et
1177 839 1316 890 colla
1352 838 1598 889 draconis

256 932 475 982 Phasias
513 948 641 982 ausa
679 931 792 991 fuit,
834 939 1036 981 tantum
1056 947 1059 950 ·
1079 928 1342 979 Medeidis
1380 928 1576 980 herbae
1615 979 1621 982 .

252 1020 644 1087 virgineaeque
682 1036 865 1086 preces
904 1028 1164 1084 poterant,
1208 1019 1548 1083 Hecatesque
1586 1016 1837 1082 liquores·

254 1109 462 1160 Marsus
499 1109 554 1159 in
592 1107 844 1159 Ausoniis
881 1108 1208 1158 Umbrorum
1246 1106 1472 1156 vallibus
1510 1105 1646 1158 inter
1707 1138 1710 1140 -

249 1198 536 1264 Serpentes
573 1197 790 1263 impune
828 1197 1004 1256 cubat,
1047 1195 1354 1261 Libyaeque
1393 1211 1490 1260 per
1524 1211 1702 1260 agros,

249 1287 371 1352 Qua
406 1287 611 1337 steriles
648 1295 862 1338 versant
898 1283 1036 1351 nigri
1076 1283 1426 1335 Garamantes
1462 1300 1667 1346 arenas,
1711 1330 1714 1333 .

248 1376 370 1425 Non
409 1384 652 1426 metuunt
690 1374 835 1425 Psilli
873 1373 1137 1433 colubrOS,
1177 1389 1284 1424 non
1323 1389 1481 1423 saeva
1519 1389 1775 1438 nepai-um

243 1464 477 1530 Spicula,
519 1454 625 1514 non
662 1462 819 1529 hydri
858 1479 1112 1522 morsum,
1153 1479 1260 1513 non
1298 1461 1499 1527 aspidis
1537 1461 1770 1513 horrent.

244 1554 393 1603 Haec
431 1553 541 1603 sera
578 1553 790 1603 lernaeo
829 1551 1002 1602 rabies
1023 1551 1305 1602 -maculata
1342 1567 1548 1601 veneno

239 1642 437 1693 Omnia
475 1642 731 1707 depascit,
771 1641 928 1691 nullis
967 1639 1196 1700 innoxia,
1236 1639 1411 1690 nullos
1451 1641 1455 1643 ’

242 1731 497 1781 Praeterit
535 1730 760 1790 illaoeoS,
801 1729 928 1780 nulli
968 1728 1313 1789 mansuescit,
1345 1727 1399 1778 in
1436 1745 1622 1779 omnes

240 1819 528 1880 Invehitur,
568 1818 715 1884 quod
752 1818 868 1884 agit
903 1834 1009 1868 non
1048 1826 1130 1868 est
1166 1817 1403 1867 sanabile
1439 1816 1646 1876 vulnus,

241 1909 363 1958 Non
403 1906 711 1972 Amytaonii
749 1906 1004 1971 prodesse
1043 1905 1400 1971 Melampodis
1437 1905 1545 1955 ulla

236 1995 502 2056 Carmina,
543 1993 875 2059 Thessalicis·
899 2011 1005 2045 non
1044 1994 1212 2045 lectae
1248 1993 1302 2044 in
1340 1994 1610 2045 montibus
1647 1994 1844 2046 herbae

237 2084 577 2150 Phyllyridae
613 2082 872 2143 manibuS,
912 2100 1018 2134 non
1058 2082 1157 2134 Coi
1194 2092 1378 2134 sancta
1415 2082 1699 2149 magistri·

238 2174 525 2223 Pharmaca
566 2171 844 2232 sufficiant,
883 2172 1125 2222 claraeve
1163 2170 1474 2222 Machaonis
1513 2181 1669 2232 arteS,

235 2263 359 2313 Non
399 2261 609 2327 genitor
646 2261 849 2327 Stygiis
886 2261 1118 2311 lacerum
1157 2261 1248 2327 qui
1288 2261 1554 2312 traxitssab
1593 2261 1750 2312 undis

236 2350 610 2416 Hippolytum,
650 2366 755 2400 non
795 2350 1045 2401 Phoebus
1083 2367 1230 2411 avus,
1270 2350 1355 2401 cui
1394 2350 1566 2417 prima
1604 2350 1853 2418 medendi
1892 2361 1973 2403 est

228 2438 431 2498 Gloria,
471 2437 651 2488 lethali
690 2447 939 2502 poterunt
978 2455 1286 2490 succurrere
1324 2439 1533 2492 morbo·
1590 2466 1592 2468 ·

802 2527 1068 2592 (Invidiae
1103 2544 1263 2578 saeva
1295 2529 1584 2593 facinora).

377 2615 552 2680 Quem
592 2614 739 2666 iuvat
776 2615 927 2666 istius
964 2616 1139 2667 varias
1177 2632 1502 2682 cognoscere
1540 2616 1751 2668 fraudes

225 2705 297 2754 Et
335 2721 430 2769 per
469 2713 654 2769 aperta
690 2703 860 2756 latens
898 2705 1227 2770 deprendere
1244 2742 1249 2747 1
1264 2705 1419 2771 signa
1456 2722 1736 2767 venenum,

229 2792 551 2858 Multiplices
588 2809 741 2843 casus
778 2802 833 2844 et
870 2793 1032 2858 longa
1070 2794 1305 2860 pericula
1341 2804 1524 2845 cernat
1774 2798 1779 2802 '

227 2879 452 2931 Fatidici
491 2880 711 2942 iuveniS,
751 2881 843 2947 qui
882 2882 1011 2932 dum
1048 2899 1309 2949 praesaga
1347 2883 1555 2948 parenti

222 2968 445 3019 Somnia
483 2979 738 3030 narraret,
779 2970 999 3020 fratrum
1039 2970 1207 3022 livore
1242 2971 1344 3022 sub
1378 2971 1540 3022 altam

220 3059 390 3108 Actus
430 3058 649 3108 humum
690 3058 909 3109 Pharias
946 3059 1162 3110 tandem
1202 3059 1454 3126 migravit
1490 3059 1560 3111 ad
1599 3077 1761 3112 arceS.

222 3146 398 3196 Huius
437 3155 495 3196 ut
535 3146 755 3197 infectos
793 3146 1004 3213 genitor
1040 3148 1295 3214 cognovit
1332 3148 1557 3199 amictus

220 3235 289 3284 Et
327 3234 474 3299 pueri
516 3233 719 3284 tunicas
758 3235 998 3286 mendaci
1036 3236 1201 3287 caede
1239 3237 1504 3298 rubenteS,

218 3323 341 3373 Heu
379 3323 503 3383 sera,
545 3322 810 3383 clamavit,
850 3324 1059 3375 dulcem
1098 3324 1406 3376 saevissima
1443 3336 1626 3377 natum

215 3410 450 3461 Abstulit
486 3420 540 3461 et
578 3410 722 3460 luctu
760 3427 920 3462 canos
959 3413 1184 3464 confecit
1221 3430 1421 3464 amaro.

211 3497 409 3563 Aspice
446 3508 693 3549 contorto
731 3498 908 3550 Saulis
945 3500 1184 3551 convicia
1223 3501 1330 3553 telo

213 3585 527 3651 Invidiaque
565 3596 709 3638 satos
748 3587 885 3637 inter
921 3588 1165 3639 convivia
1202 3589 1463 3654 planctus,

213 3674 283 3724 Et
323 3674 534 3724 Davida
571 3675 783 3740 inopem
822 3675 1078 3726 comitum
1118 3693 1239 3728 cum
1279 3694 1513 3744 paupere
1551 3680 1704 3731 turba
