2508 3978
1094 111 1327 152 -45..

262 222 554 288 NiligenaS,
594 221 896 288 claramque
938 222 1171 272 Rhodon
1208 231 1371 286 caput
1399 220 1594 275 extulit
1633 219 1805 281 undiS,

261 311 449 376 Qualis
487 311 540 361 in
579 311 802 362 occidua
838 328 1054 377 pugnax
1091 311 1296 361 Anteus
1335 326 1495 360 arena

261 400 332 450 Et
368 400 508 450 ferus
546 400 807 451 Aemonie
844 399 1046 450 victore
1084 399 1183 449 sub
1223 398 1456 449 Hercule
1496 409 1676 449 taurus

263 489 436 539 Fusus
474 488 621 539 humi
660 489 856 539 cubuit.
898 487 1085 553 Qualis
1126 487 1321 538 Minois
1360 487 1412 537 in
1452 488 1586 538 aede

226 578 491 635 ,Semivir
528 586 769 628 eructans
807 586 1140 642 spumantem
1180 575 1437 642 sanguine
1476 575 1727 641 praedam
1767 589 1789 592 ’·

263 665 540 732 Cecropi0,
581 665 858 732 qualisque
894 682 1027 715 cavo
1066 665 1165 715 sub
1203 680 1412 715 carcere
1450 663 1606 729 plena

261 753 524 805 Cerberus
562 753 763 819 ingenti
802 753 1054 804 diffundit
1091 753 1293 803 viscera
1332 768 1554 817 campo:

261 843 407 893 Talis
446 842 498 892 in
539 842 813 892 immundo
852 842 1096 892 vinosum
1135 841 1292 891 belua
1330 857 1524 905 corpus

263 931 488 982 Pulvere
525 931 798 991 distendit,
841 931 1098 981 tumidam
1138 930 1214 980 sic
1252 929 1482 995 explicat
1521 928 1716 989 alvum,

260 1021 547 1086 Aegraque
586 1020 798 1071 turbato
836 1019 911 1069 sic
949 1018 1129 1069 deiicit
1166 1018 1354 1069 ordine
1393 1017 1647 1068 membra.
1716 1028 1718 1030 ’

261 1109 416 1159 Nunc
454 1118 675 1159 ventosa
713 1118 933 1168 tument,
958 1124 1113 1158 >nunc
1150 1106 1416 1157 contrahit
1454 1105 1543 1156 ilia
1580 1103 1752 1165 flatus,

260 1197 601 1262 Alternisque
638 1206 793 1247 sonat
830 1196 978 1246 vocis
1016 1195 1103 1246 via
1141 1211 1410 1245 murmure
1448 1210 1627 1254 rauco,

262 1286 452 1336 Pectus
491 1295 544 1336 et
582 1302 676 1336 ora
714 1286 857 1335 lavat
891 1284 1078 1350 'tepido
1118 1283 1372 1334 fumantia
1411 1299 1532 1333 rore

260 1374 439 1425 Sudor
476 1385 530 1424 et
569 1374 829 1425 undantes
867 1383 1085 1424 eurr-unt
1122 1366 1220 1438 per
1256 1381 1501 1438 tempora
1539 1370 1657 1422 rivi.

258 1462 586 1528 Somniaque
623 1473 922 1522 occurrunt,
963 1461 1188 1527 pingues
1226 1470 1350 1512 sunt
1387 1459 1594 1511 somnia
1632 1474 1862 1520 mensae,

259 1551 439 1617 Atque
477 1551 714 1602 coronati
753 1551 872 1602 suso
908 1560 1139 1601 crateres
1166 1550 1358 1601 Iaccho

257 1640 347 1690 Ad
383 1640 579 1691 celeres
618 1657 756 1691 nunc
792 1640 939 1690 labra
979 1639 1181 1699 bibunt,
1221 1655 1361 1689 nunc
1399 1636 1620 1688 humida
1657 1653 1888 1698 muscae,

262 1728 489 1779 Lumina
527 1745 666 1779 nunc
705 1728 869 1779 bifido
907 1728 1166 1779 rimantur
1204 1736 1447 1793 tempora
1485 1736 1677 1782 rostro,

412 1817 554 1867 Dum
594 1818 786 1883 loquor
823 1826 878 1868 et
916 1817 1085 1883 turpis
1126 1833 1306 1867 moror
1343 1816 1415 1866 ad
1453 1815 1755 1881 spectacula
1792 1815 2029 1875 monstri,

259 1905 398 1955 Ecce
435 1922 605 1957 novae
642 1905 816 1972 gentis
855 1923 1106 1956 resonans
1144 1907 1325 1972 fragor
1362 1903 1574 1970 impulit
1610 1921 1780 1965 aures,

260 1994 331 2043 Et
368 1994 523 2045 tellus
560 2012 699 2045 nova
735 2004 907 2045 castra
946 2012 1166 2046 vomens
1204 1993 1440 2060 ingentia
1478 1993 1614 2044 fudit

259 2082 507 2147 Agmina,
550 2101 688 2149 quae
724 2084 925 2149 campis
966 2083 1201 2134 immissa
1239 2082 1543 2149 patentibus
1582 2096 1767 2133 omnes

258 2171 608 2238 Complevere
645 2173 759 2223 vias
797 2182 851 2223 et
888 2173 1030 2223 culta
1069 2172 1294 2232 novalia,
1335 2188 1432 2222 nec
1471 2171 1576 2221 iam

259 2261 373 2311 Rus
410 2261 553 2327 capit
591 2261 687 2312 has
726 2261 865 2311 acies
904 2271 957 2311 et
994 2279 1100 2312 non
1138 2260 1465 2311 numerabile
1503 2259 1698 2326 vulgus

259 2349 473 2400 Vicinas
511 2349 706 2400 intrare
743 2351 916 2410 urbes,
958 2350 1239 2400 incendere
1278 2349 1478 2416 templa

258 2437 388 2487 Visa
425 2438 618 2488 cohors
655 2448 710 2488 et
746 2439 882 2489 serre
920 2455 1086 2489 novas
1126 2438 1178 2488 in
1218 2437 1428 2489 moenia
1467 2437 1725 2488 flammas,

258 2525 425 2592 Signa
462 2527 818 2592 sequebantur
858 2537 1154 2578 moerentes
1193 2526 1382 2577 ordine
1420 2535 1627 2577 turmae

259 2613 591 2680 Composit0,
630 2614 783 2681 signa
820 2632 972 2666 arcus
1011 2624 1176 2675 erant,
1217 2615 1318 2675 sax,
1358 2613 1479 2674 tela,
1520 2614 1816 2679 pharetrae,

259 2702 330 2752 Et
367 2719 669 2769 quanquam
710 2703 840 2754 haec
877 2713 1053 2754 essent
1091 2703 1304 2754 hostilia
1342 2712 1529 2763 castra,
1570 2719 1844 2769 genusque

261 2791 589 2852 Pestiferum,
630 2793 803 2843 ridere
840 2802 1033 2853 tamen,
1074 2792 1358 2858 facilesque
1396 2791 1618 2842 choreas

260 2879 469 2930 Ducere
506 2881 781 2946 permixtis
819 2881 957 2931 laeta
995 2882 1064 2932 ad
1103 2881 1346 2932 convivia
1373 2882 1552 2932 turbis

259 2968 599 3029 Suadebant,
623 2969 842 3036 fierique
881 2970 1023 3020 leves
1061 2987 1181 3021 cum
1221 2970 1453 3021 carmine
1492 2971 1666 3025 ludos,

261 3057 385 3107 Dux
423 3068 537 3108 erat
575 3057 658 3108 his
695 3059 926 3109 formosa
964 3057 1160 3119 VenuS,
1202 3075 1459 3124 suspensa
1499 3059 1712 3126 Cupido

262 3145 427 3196 Filius
466 3146 641 3197 hastili
681 3147 844 3213 longo
881 3147 1073 3198 vexilla
1111 3147 1342 3199 serebat:

261 3234 319 3283 In
358 3235 564 3300 gremio
602 3236 800 3295 matriS,
842 3236 1096 3302 mollique
1135 3237 1187 3287 in
1227 3247 1373 3288 veste
1411 3239 1626 3289 volutus
1685 3241 1697 3252 ⁹

262 3322 486 3373 Insidias
526 3323 680 3374 Iocus
718 3334 772 3374 et
809 3324 983 3375 varias
1020 3325 1292 3391 excogitat
1330 3335 1487 3379 artes,

758 3413 984 3464 Sextum
1023 3420 1332 3473 monstrum,
1380 3416 1657 3467 Luxuria.

406 3500 556 3550 Haec
594 3501 702 3551 fera
741 3500 927 3566 Cocyti
968 3502 1036 3552 de
1074 3502 1312 3553 tristibus
1350 3513 1529 3555 enatat
1566 3505 1721 3556 undis

256 3588 364 3638 Ore
404 3587 592 3648 nitens,
632 3589 810 3640 animo
850 3590 1128 3649 maculata,
1170 3589 1439 3642 simillima
1478 3594 1654 3654 sorb0,

257 3676 418 3740 Quod
458 3676 626 3728 nitido
667 3678 840 3729 tristes
880 3678 1135 3729 claudens·
1169 3678 1224 3729 in>
1258 3679 1456 3731 cortice
1494 3698 1679 3733 succos
