2508 3978
1206 81 1440 122 -15-

300 196 391 246 alii
418 197 647 264 Eclogas
672 198 764 264 (¹).
800 199 1029 248 Multum
1057 198 1110 248 in
1136 199 1239 249 hoc
1265 198 1474 249 videtur
1511 199 1728 250 influere
1754 199 1958 251 indoles
1995 200 2266 251 nationum
2298 207 2351 250 et

303 301 666 349 personarum.

453 375 767 426 Accu-ratior
803 386 858 427 et
896 376 1068 442 magis
1119 377 1384 442 completa
1427 377 1593 428 editio
1623 379 1871 443 Operum
1911 388 2009 429 est⁴
2029 378 2354 444 Autverpiae

313 459 452 511 1576
491 462 543 512 in
570 473 797 528 quatuor
834 463 993 515 tomis
1031 464 1085 514 in
1123 462 1201 525 8⁸,
1228 464 1297 515 de
1332 482 1441 531 qua
1478 482 1679 532 paucae
1714 475 1918 517 tantum
1957 467 2147 532 copiae
2176 484 2246 518 ex
2276 466 2354 516 in-

303 549 494 601 cendio
529 551 763 602 salvatae
799 562 939 608 sunt.
978 553 1237 619 (Daumio
1275 553 1330 604 in
1367 554 1556 606 litteris
1594 555 1875 620 publicatis
1912 573 1944 605 a
1983 556 2227 616 Gluchio,
2268 574 2356 621 pa-

305 638 445 703 gina·
478 637 622 704 143).
664 641 746 690 Ex
783 641 865 692 his
915 641 1125 708 aliquae
1162 643 1216 692 in
1253 642 1515 709 principio
1560 642 1605 693 1¹
1645 644 1776 695 tomi
1826 644 2096 695 continent
2150 654 2355 710 septem

307 726 422 777 eius
462 728 712 792 psalmOS,
754 730 1022 781 Bononiae
1047 740 1289 797 tempore
1315 731 1478 797 pestis
1510 729 1650 783 1482
1677 731 1865 794 editos,
1894 744 1947 784 et
1973 732 2026 784 in
2052 733 2155 784 illis
2180 749 2353 784 exem-

309 815 544 880 plaribus
571 817 754 868 titulus
778 835 840 869 ac
866 818 1025 870 index
1062 819 1253 870 iterum
1294 819 1535 886 impressi
1567 831 1706 872 sunt.
1748 820 1808 871 In
1846 821 2079 873 editione
2117 823 2355 887 Operum

310 904 365 954 in
416 903 486 955 8⁰
528 906 778 971 Lugduni
823 906 980 969 1516,
1020 908 1327 960 immediate
1364 919 1487 975 post
1524 920 1766 971 mortem,
1807 911 1902 961 sed
1940 921 2095 962 antea
2133 910 2355 977 incepta,

306 992 559 1044 deficiunt
606 995 1106 1062 omnia,.praecipua
1143 1014 1308 1063 opera
1342 998 1648 1064 supradicta
1672 1009 1727 1050 et
1751 999 1910 1050 etiam
1944 1001 2226 1064 sylvarum
2261 1000 2364 1050 Li-

307 1083 397 1131 bri
431 1092 533 1136 ete.
573 1084 695 1134 Hoc
731 1083 856 1136 inde
891 1084 1171 1149 provenire
1207 1095 1385 1151 potest
1420 1087 1567 1152 quod
1606 1087 1797 1139 Editor
1836 1089 1893 1139 P.
1936 1089 2052 1142 Ioh.
2078 1088 2264 1154 Steph.
2293 1088 2361 1139 de

312 1170 624 1236 Basignana,
665 1172 756 1238 qui
794 1183 909 1224 erat
945 1173 1188 1225 Vicarius
1224 1174 1500 1226 Generalis
1538 1175 1758 1236 Galliae,
1798 1187 1920 1242 post
1959 1186 2184 1227 mortem
2224 1177 2360 1242 Bap-

311 1256 466 1310 tistae
504 1259 557 1310 in
597 1260 803 1311 Italiam
836 1261 996 1312 rediit
1031 1272 1086 1312 et
1123 1262 1260 1313 duos
1299 1272 1501 1314 tantum
1542 1274 1720 1314 tomos
1758 1264 2012 1325 absolvit;
2052 1264 2137 1314 vel
2176 1264 2365 1315 melius

314 1345 386 1422 ita
412 1348 719 1417 explicatur,
747 1351 895 1416 quod
919 1351 1148 1402 voluerit
1173 1360 1378 1402 tantum
1417 1351 1688 1417 publicare
1721 1353 1902 1419 Opera
1927 1353 2201 1404 Mantuani
2238 1369 2365 1404 non·

311 1436 443 1487 dum
482 1436 755 1503 impressa,
796 1439 879 1490 vel
918 1439 1118 1491 ultimis
1155 1439 1305 1492 annis
1343 1441 1666 1506 composita,
1679 1458 1835 1506 ,quae
1872 1442 2045 1492 minus
2082 1442 2366 1503 valent.„1n

314 1534 496 1577 nostro
522 1527 808 1593 exempla-ri
835 1528 1028 1579 adsunt
1053 1538 1282 1595 septem
1296 1539 1491 1594 partes,
1533 1529 1584 1580 in
1621 1530 1738 1580 aliis
1776 1530 2053 1595 pauciores
2089 1530 2174 1581 vel
2205 1530 2366 1581 etia-m

316 1629 420 1699 una
458 1623 680 1665 tantum.
724 1614 875 1665 Folia
911 1633 1018 1666 non
1057 1625 1182 1667 sunt
1217 1626 1508 1667 numerata.

409 1698 661 1756 Omnia
699 1703 879 1769 Opera
917 1704 1137 1756 meliora
1174 1688 1435 1756 habentur
1472 1722 1599 1756 vero
1639 1706 1691 1767 in
1731 1706 1980 1757 Editione
2017 1705 2239 1773 pulchra
2266 1707 2366 1757 Bo·

318 1788 508 1862 uoniae
552 1789 692 1843 1502
733 1792 787 1843 in
825 1793 952 1844 folio
990 1803 1044 1844 et
1081 1811 1202 1844 cum
1231 1793 1635 1859 Commentario
1673 1795 1851 1860 amplo
1886 1794 1942 1847 in
1982 1795 2231 1852 Editione
2269 1795 2367 1845 Pa-

316 1879 563 1931 risiorum
597 1880 734 1931 1513
763 1882 839 1947 (²)
878 1882 1022 1948 (Vol.
1064 1883 1143 1932 111
1185 1882 1238 1932 in
1276 1882 1428 1947 folio)
1466 1899 1604 1948 quae
1649 1882 1916 1933 rarissima
1952 1893 2036 1934 est
2072 1893 2126 1935 et
2164 1884 2371 1935 Romae

321 2131 518 2174 spersae
553 2124 656 2162 tam
698 2118 839 2162 utiles
869 2130 1015 2173 quam
1061 2117 1245 2169 dulces,
1278 2124 1331 2160 ut
1360 2117 1585 2161 omnibus
1632 2123 1888 2171 propterea
1921 2118 2034 2160 artis
2078 2129 2373 2172 componen-

319 2195 494 2237 dorum
510 2205 736 2237 versuum
752 2192 980 2237 studiosis
996 2192 1350 2247 praelegendus
1366 2191 1633 2235 rectissime
1648 2191 1884 2234 iudicetur
1899 2206 1944 2234 ›.
1971 2190 2076 2246 (Fr.
2095 2191 2377 2235 Laurentius

324 2268 564 2324 Cupaerus·
589 2268 637 2311 in
660 2267 749 2323 Ep.
773 2265 1074 2310 Dedicatoria
1102 2267 1184 2310 ed.
1213 2265 1363 2320 1576).
1387 2265 1572 2310 Soldini
1592 2264 1898 2308 Parthenio-en
1923 2265 2196 2309 Mm'anam
2225 2266 2375 2310 omni·

320 2343 411 2385 bus
444 2341 547 2385 aliis
569 2340 791 2395 praefert.
813 2341 956 2384 Hanc
986 2341 1132 2383 etiam
1164 2341 1316 2383 edidit
1338 2340 1560 2394 Lugduni
1600 2351 1710 2392 ¹52²
1731 2351 1843 2382 cum
1873 2339 2223 2383 commentario
2245 2340 2378 2385 Badii

323 2417 546 2460 Andreas
566 2414 890 2459 Vaurentinus
913 2416 1146 2459 Serranus
1172 2420 1222 2458 et
1243 2413 1657 2469 descriptionibus
1686 2413 1801 2456 suis.
1825 2412 2060 2456 Adiunxit
2087 2413 2234 2456 etiam
2255 2413 2377 2469 Apo-

320 2488 545 2543 logeticon
575 2493 767 2543 poetae,
802 2488 935 2542 quod
966 2487 1171 2531 habetur
1192 2499 1387 2542 quoque
1408 2486 1456 2530 in
1478 2487 1557 2530 ed.
1586 2499 1717 2539 1513.
1739 2486 1958 2528 Mustard
1976 2485 2123 2529 refert
2141 2486 2220 2529 ed.
2250 2487 2374 2537 2481.

462 2563 532 2619 (³)
558 2563 780 2617 >Eclogae
811 2562 955 2616 longe
984 2561 1457 2617 pluries·impressae
1493 2567 1607 2604 sunt
1636 2560 1730 2616 (Cf.
1765 2561 1909 2603 etiam
1943 2558 2269 2604 Burckhardt:
2307 2558 2379 2602 Ci-

323 2637 434 2681 villa
464 2636 517 2679 di
546 2636 906 2689 Rinascimento)
940 2642 989 2679 et
1019 2635 1113 2678 boc
1143 2634 1337 2678 saeculo
1366 2634 1525 2678 adhuc
1554 2633 1603 2677 in
1625 2634 1847 2677 America
1877 2632 2238 2686 septentrionali
2268 2644 2379 2676 cum

325 2712 451 2766 notis
483 2724 510 2754 a
542 2711 619 2754 W.
653 2711 704 2753 P.
740 2710 975 2760 Mustard,
998 2708 1274 2763 professore
1295 2708 1617 2753 universitatis
1640 2706 1932 2762 (Baltimore‚
1959 2706 2065 2750 The
2081 2706 2123 2762 J.
2150 2706 2374 2762 Hopkins

321 2787 477 2830 *Press-
504 2784 652 2838 1911).
687 2784 846 2828 Etiam
878 2782 981 2826 libri
1004 2781 1097 2827 XII
1118 2781 1371 2838 Fastorum
1387 2780 1565 2835 pluries
1585 2785 1697 2823 sunt
1717 2779 1850 2831 editi,
1870 2779 1995 2831 licet,
2017 2778 2254 2834 aliquibus
2274 2792 2376 2834 par-

324 2860 458 2903 tibus·
496 2857 727 2912 exceptis,
770 2862 956 2903 tantum
987 2856 1201 2901 valorem
1241 2855 1486 2911 poeticum
1512 2866 1615 2898 ‚non
1650 2853 1876 2897 habeant.
1916 2854 1969 2896 In
1999 2854 2051 2898 S.
2088 2852 2376 2897 Catharinae

326 2934 470 2987 Agon
503 2934 671 2977 Petrus
704 2931 879 2975 Lucius
915 2941 1022 2984 1591
1057 2931 1203 2974 etiam
1233 2928 1633 2973 commentarium
1663 2927 1830 2992 edidit.
2017 2966 2021 2970 .

472 3006 537 3063 (²)
568 3005 850 3058 Trombelli,
884 3005 1004 3050 Can.
1026 3006 1164 3058 Reg.,
1200 3003 1284 3058 qui
1321 3005 1432 3056 1736
1462 3002 1511 3046 in
1541 3014 1709 3047 versus
1731 3001 1923 3045 Italicos
1946 3001 2155 3044 traduxit
2182 3007 2377 3044 centum

328 3082 512 3125 fabulas
534 3080 772 3125 Gabrielis
795 3080 984 3123 Faerno
1015 3078 1236 3134 (Aesopi)
1267 3077 1303 3131 -i-
1341 3079 1468 3130 1561,
1492 3076 1702 3131 loquitur
1721 3075 1866 3119 etiam
1887 3076 1951 3118 de
1971 3073 2186 3129 plurimis
2207 3073 2378 3117 fabulis

332 3155 594 3199 Mantuani.
626 3155 699 3199 En
730 3154 834 3197 eius
865 3152 1015 3197 verba
1045 3157 1096 3196 et
1125 3151 1352 3202 fabulam,
1376 3163 1526 3206 quam
1557 3150 1711 3194 edidit
1740 3148 1822 3193 illo
1853 3160 1981 3192 anno
2011 3147 2228 3192 Venetiis
2256 3147 2378 3204 (fon-

326 3237 427 3273 tem
449 3242 556 3273 non
590 3228 817 3282 assignat,
851 3240 942 3272 nec
972 3239 1062 3271 nos
1094 3238 1307 3281 unquam
1337 3226 1401 3268 de
1432 3225 1506 3268 his
1537 3225 1831 3268 mentionem
1862 3222 2204 3277 invenimus)·'

596 3317 624 3346 ‹
645 3303 877 3358 Interpres
904 3301 1077 3346 lectori.
1558 3332 1560 3335 ⁴

389 3419 393 3423 .
467 3376 858 3433 Elegantissimis
886 3376 1063 3420 Faerni
1095 3375 1267 3420 fabulis
1295 3375 1438 3418 aliam
1471 3387 1498 3417 a
1522 3340 1733 3429 Baptista
1767 3373 2031 3420 Mantuano
2060 3369 2380 3425 compositam

330 3452 541 3505 adiunxi,
573 3465 719 3508 quam
750 3464 895 3495 unam
927 3465 988 3495 ex
1019 3450 1246 3506 plurimis,
1277 3462 1403 3504 quae
1434 3462 1488 3492 se
1519 3446 1633 3491 mihi
1665 3447 1958 3496 obtulerunt,
1991 3443 2167 3498 selegi.
2201 3443 2381 3498 quippe

330 3533 415 3570 aut
446 3527 485 3570 F
487 3527 618 3570 aemi
648 3525 834 3570 fabulas
863 3526 1071 3581 puritate
1101 3530 1152 3568 et
1181 3523 1337 3568 nitore
1366 3529 1620 3576 exaequat,
1656 3526 1739 3564 aut
1768 3524 1899 3563 certe
1929 3530 2027 3573 non
2058 3515 2212 3561 multo
2239 3517 2381 3559 inter-

332 3601 471 3644 vallo·
490 3600 551 3643 ab
581 3601 640 3644 iis
670 3601 841 3644 distat:
889 3599 1167 3649 inventione
1197 3609 1313 3641 vero
1360 3598 1483 3640 torte
1528 3607 1626 3639 non
1671 3605 1851 3648 paucas
1883 3592 1921 3635 F
1924 3591 2053 3635 aerni
2086 3590 2270 3633 fabulas
2300 3602 2381 3632 an·

333 3676 525 3720 tecellit.
