2508 3978
1238 146 1471 188 ..53-

410 267 556 334 Quid
594 267 736 326 velit,
778 276 937 332 atque
975 265 1156 316 Iovem
1195 265 1363 315 laetos
1402 281 1507 315 non
1546 263 1622 314 ire
1660 280 1755 330 per
1794 263 1944 328 ignes

408 356 674 422 Suspicite
711 364 766 406 et
802 369 911 421 quo
950 354 1057 404 fat-a
1094 362 1304 414 vocant,
1342 352 1636 404 convertite
1673 358 1886 417 proras:

407 444 691 495 Aetheriae
729 452 949 502 mente3‚
989 441 1184 508 quibus
1221 451 1302 492 est
1339 441 1504 492 tutela
1542 440 1763 491 Latinae

405 532 607 593 GentiS,
648 532 716 583 ab
754 531 965 583 occulto
1003 530 1142 581 bella
1179 530 1310 580 haec
1347 529 1585 581 immissa
1622 528 1861 580 videntes

410 621 641 687 Imperio
681 620 854 672 Patris
891 629 947 671 et
981 619 1144 685 longa
1181 617 1334 669 clade
1371 635 1487 669 esse
1523 617 1782 669 litandum

405 709 652 760 Imbelles
689 709 908 760 haerent
945 718 1106 775 atque
1144 708 1197 759 in
1236 725 1333 758 sua
1371 723 1535 773 regna
1572 707 1803 758 furorem

404 799 488 849 Ire
524 798 736 849 sinunt:
781 799 1060 864 Romaque
1099 796 1204 848 alio
1242 797 1426 863 sugere
1464 795 1662 862 relicta,

405 886 584 938 Caede
623 904 762 938 nova
798 895 1004 938 veteres
1042 885 1226 951 culpas
1265 885 1478 936 abolere
1516 901 1730 935 necesse
1766 894 1863 940 est,

405 976 544 1026 Ecce
583 974 883 1026 Tarentinis
919 991 1116 1026 vacuas
1155 974 1208 1024 in
1246 973 1470 1024 collibus
1508 974 1667 1024 urbes

403 1064 474 1114 Et
511 1064 680 1114 nudas
717 1062 938 1114 custode
975 1062 1167 1115 domos
1205 1071 1260 1113 et
1295 1062 1445 1112 littus
1481 1061 1681 1112 inerme

401 1152 572 1202 Milite
610 1150 845 1203 deseruit
881 1151 990 1202 dux
1029 1150 1461 1216 Parthenopaeus
1499 1150 1703 1200 abacto.

401 1241 652 1292 Etruscas
691 1241 947 1307 populata
984 1228 1176 1291 domos
1214 1239 1378 1291 modo
1417 1248 1562 1289 trans
1600 1238 1725 1304 iuga
1763 1239 1918 1303 pulso

400 1331 590 1391 Marte,
631 1347 727 1396 per
764 1329 1048 1380 Aemiliam
1087 1338 1141 1379 et
1174 1329 1409 1379 Venetos
1447 1328 1735 1378 bacchatur
1773 1327 2035 1393 Erynnis:

403 1420 516 1470 Nec
553 1436 650 1470 vos
691 1419 1007 1468 immensum
1048 1416 1249 1468 dirimit
1287 1433 1449 1477 mare,
1488 1416 1739 1467 transitus
1778 1433 1883 1466 una

401 1508 575 1558 Nocte
614 1507 790 1558 brevis
828 1506 1085 1557 Calabros
1122 1515 1325 1556 turmas
1363 1515 1593 1571 exponet
1636 1505 1689 1555 in
1728 1522 1903 1571 agros

400 1596 501 1647 Vix
539 1596 714 1662 spatio
754 1596 954 1646 maiore
992 1595 1181 1646 fretum
1221 1593 1535 1645 diffunditur
1570 1593 1731 1653 istud,

398 1686 574 1751 Quam
614 1685 761 1751 quod
799 1685 974 1734 adhuc
1012 1684 1151 1733 fama
1188 1690 1374 1734 notum
1413 1691 1495 1733 est
1532 1681 1945 1733 Athamantidos
1983 1682 2200 1733 Helles:

398 1775 468 1824 Et
506 1774 644 1825 vada
683 1772 911 1823 Leandri
950 1773 1136 1822 crebro
1175 1771 1377 1822 sulcata
1414 1780 1614 1821 natatu.

693 1863 887 1928 (Doris
921 1862 1073 1919 docet,
1119 1861 1337 1912 Italiam
1370 1861 1446 1910 ad
1488 1861 1541 1910 T
1530 1877 1686 1910 urcas
1714 1862 2004 1924 pertinere)

546 1954 642 2013 Ite,
681 1951 814 2019 quid
852 1950 1171 2016 ambigitis?
1209 1949 1362 2000 vobis
1398 1959 1480 2000 est
1518 1949 1699 2000 debita
1735 1949 1891 1999 tellus

395 2042 546 2102 Itala,
587 2041 677 2108 qui
717 2039 983 2106 Phrygios
1021 2039 1302 2090 domuistis
1340 2048 1394 2089 et
1433 2038 1677 2097 Hellada‚
1717 2047 1904 2103 gentes

396 2131 685 2182 Oenotriae
723 2129 923 2180 ducunt
961 2145 1130 2195 genus
1169 2128 1237 2178 ab
1275 2127 1541 2178 radicibus
1579 2127 1697 2178 illis.

396 2220 531 2285 Quis
571 2219 976 2270 Pallantaeum?
1015 2226 1247 2268 veterem
1287 2216 1408 2283 quis
1446 2215 1687 2267 condidit
1723 2215 1962 2266 Albam?

394 2309 516 2359 Hoc
554 2326 690 2374 opus
728 2309 911 2359 Aenae
950 2306 1179 2373 profugi,
1219 2305 1318 2356 suit
1354 2305 1580 2356 Arcadis
1626 2304 1773 2355 illud.

396 2397 699 2448 Dardanius
741 2396 975 2462 Phrygia
1012 2395 1227 2445 veniens
1266 2395 1508 2445 Antenor
1546 2394 1613 2444 ab
1653 2394 1765 2453 Ida,

392 2486 662 2552 Euganeis
700 2486 861 2536 latam
899 2483 1087 2535 statuit
1123 2483 1222 2534 sub
1260 2482 1484 2533 collibus
1522 2482 1741 2533 urbem:

393 2576 545 2640 Quae
583 2584 840 2640 superest,
883 2571 1182 2639 triplicique
1219 2571 1371 2623 sedet
1410 2571 1698 2622 munimine
1735 2570 1920 2631 cincta,

392 2663 655 2714 Parrhasii
697 2663 861 2724 PisaS,
900 2663 1068 2728 pubes
1107 2661 1371 2727 Spartana
1407 2661 1697 2711 Tarentum

394 2753 600 2803 Struxit
638 2762 690 2803 et
729 2751 1010 2817 imperium
1052 2751 1274 2800 Daunus
1313 2749 1539 2815 partitus
1577 2758 1631 2799 et
1674 2765 1834 2814 agros

394 2842 529 2891 Cum
571 2841 835 2892 Diomede
873 2840 986 2900 fuit,
1027 2839 1176 2890 cuius
1215 2847 1360 2889 tenet
1398 2831 1568 2888 insula
1605 2847 1791 2888 notum

391 2932 602 2981 Nomen
641 2930 829 2990 adhuc,
871 2938 994 2979 sunt
1032 2927 1124 2994 qui
1160 2927 1452 2978 Ausoniam
1492 2927 1561 2977 de
1598 2926 1812 2977 nomine
1850 2927 2026 2977 dicant

390 3019 613 3070 Ausonii
655 3017 970 3069 Laertiadae
1007 3017 1075 3067 de
1112 3015 1370 3082 sanguine
1410 3015 1633 3081 Ulyssis.

392 3107 679 3174 Progeniti,
721 3108 852 3174 quid
890 3107 1222 3166 Surrentum,
1263 3105 1644 3170 Tyrrhenaque
1688 3104 1860 3155 dicam

391 3198 621 3263 Regna?
661 3197 854 3263 quibus
893 3195 1031 3260 Lydi
1070 3195 1231 3245 frater
1268 3193 1575 3258 Tyrrhenus
1613 3193 1680 3243 ab
1719 3194 1862 3259 agris

390 3285 649 3336 Maeoniis
687 3285 850 3336 Asiae
887 3294 1057 3335 sortes
1095 3292 1147 3333 et
1185 3283 1292 3333 fata
1330 3292 1541 3333 secutus

389 3374 585 3425 Attulit
620 3383 674 3425 et
711 3374 858 3439 leges
898 3372 1027 3423 alias
1065 3381 1119 3422 et
1157 3371 1372 3422 nomina
1409 3371 1556 3422 fixit:

390 3463 460 3513 Et
501 3461 951 3513 Phaetonthiades
988 3461 1104 3511 loca
1143 3476 1238 3525 per
1275 3469 1528 3510 montana
1566 3459 1819 3526 Ligystus

389 3549 641 3601 Errantes
679 3549 908 3616 populos
947 3547 1189 3599 domuit:
1231 3546 1564 3614 Liguresque
1600 3547 1828 3598 vocavit.

387 3637 653 3688 Sardoum
695 3637 863 3689 tenuit
887 3637 1036 3688 littus
1075 3645 1220 3686 satus
1261 3636 1492 3687 Hercule
1530 3652 1728 3701 magno

388 3725 590 3776 Sardus
628 3737 682 3776 et
720 3745 751 3776 a
792 3725 966 3776 Graiis
1007 3723 1168 3788 Cyrni
1209 3723 1483 3774 descendit
1520 3723 1692 3790 origo,

2088 1950 2100 1973 s
