2508 3978
1102 112 1335 154 —⁴³·-

270 224 404 274 Esse
445 223 619 272 Deum
656 221 795 281 fecit,
821 223 1017 272 ‘semen
1055 221 1284 272 coeleste
1323 219 1522 285 piando

271 310 615 376 Progenitum
654 309 855 370 sceleri,
895 308 1106 360 divinae
1145 307 1336 359 mentis
1374 308 1664 377 alumnum,
1693 338 1714 347 --

266 398 629 465 Virgineoque
666 397 851 449 alitum
891 397 1116 464 gremi0,
1156 397 1461 463 crimenque
1499 397 1764 448 volentem

264 488 489 539 Solvere
526 496 580 538 et
617 487 836 553 antiquo
874 494 1201 537 contractam
1239 483 1425 536 fomite
1460 485 1652 544 labem,

271 576 402 626 Dira
440 575 605 626 fames
643 574 755 625 auri
794 574 982 639 culpae
1019 572 1219 639 regina,
1261 590 1559 639 parensque

271 663 525 724 Perdidit,
565 662 785 728 indigno
823 661 1090 727 signatum
1129 662 1347 712 verbere
1385 678 1595 727 corpus,

269 752 552 804 Confixum
590 760 750 816 caput
788 760 842 801 et
880 750 1075 815 duplici
1117 749 1386 800 manantia
1422 766 1543 800 rore

269 842 507 899 Pectora,
548 839 910 905 pallentesque
948 856 1129 905 genaS‚
1169 839 1503 905 frontemque
1541 839 1820 889 cadentem

267 931 515 995 Ingratae
553 928 782 979 moriens
820 927 960 994 plebi
1001 927 1330 978 monstrabat
1366 928 1434 978 ab
1471 927 1577 978 alta

266 1019 492 1078 Arbore,
534 1034 857 1083 purpureum
897 1026 1036 1067 terra
1073 1013 1391 1067 abSorbente
1426 1032 1686 1067 cruorem.

273 1107 422 1157 Haec
461 1123 639 1171 opera,
681 1106 735 1155 hi
773 1106 988 1165 sructuS,
1029 1105 1159 1156 haec
1197 1105 1393 1170 gaudia
1434 1104 1624 1156 mentis
1644 1106 1870 1156 avarae.

421 1195 528 1245 Hic
569 1211 773 1245 memor
811 1194 1012 1260 antiqui
1052 1194 1264 1245 sceleris
1303 1194 1431 1244 dum
1471 1193 1643 1244 tristia
1680 1193 1859 1243 flerem

264 1284 474 1333 Funera
513 1282 782 1348 virgineae
820 1282 1001 1348 proliS,
1041 1281 1301 1348 largoque
1338 1281 1613 1332 maderent

264 1372 441 1422 Imbre
478 1388 663 1437 genae,
703 1371 814 1421 vidi
853 1388 918 1421 ex
957 1371 1066 1422 alto
1103 1371 1306 1421 telluris
1345 1370 1490 1421 hiatu

270 1459 577 1510 Deformem
617 1459 832 1525 prodire
869 1460 1118 1510 chorum:
1161 1459 1429 1525 sartagine
1468 1459 1576 1509 lata

264 1548 497 1614 Signifer
535 1558 769 1599 armatus
807 1548 1034 1614 vestigia
1072 1549 1246 1599 lentus
1284 1548 1495 1614 agebat,
1563 1579 1567 1582 -

264 1638 442 1703 Quem
480 1638 699 1688 confusa
736 1638 929 1688 cohors
966 1637 1164 1697 cultris,
1205 1637 1474 1702 armisque
1511 1635 1740 1702 popinae

267 1727 454 1776 Pressa
490 1726 824 1792 sequebatur,
864 1726 1088 1791 patinaS‚
1130 1736 1422 1792 unctosque
1460 1725 1676 1786 lebeteS‚

260 1815 584 1881 Visceraque
622 1814 868 1880 oblongis
906 1815 1136 1865 verubus
1174 1815 1419 1866 confossa
1456 1815 1691 1880 gerebat.
1750 1833 1754 1836 ’
1799 1839 1801 1841 ’

264 1902 365 1953 His
403 1920 582 1954 comes
622 1903 675 1953 in
713 1902 907 1954 bellum
946 1904 1134 1954 turmis
1172 1903 1418 1954 veniebat
1454 1903 1608 1954 inerti

259 1993 443 2043 Turba
479 2010 667 2042 canum
706 2009 908 2058 gressu,
950 2010 1177 2058 quorum
1217 1992 1352 2043 cutis
1390 2009 1579 2058 aspera
1618 1992 1837 2043 multam

264 2082 513 2132 Fluxerat
551 2080 604 2131 in
643 2081 892 2142 scabiem,
933 2081 1183 2147 sanieque
1221 2081 1435 2132 fluentia
1472 2081 1668 2147 linguis

259 2170 453 2220 Ulcera
493 2169 770 2236 lingebant
807 2179 861 2220 et
898 2169 1085 2221 crebro
1123 2170 1364 2221 ardentia
1403 2187 1584 2221 morsu

257 2258 584 2323 Scalpebant
621 2267 788 2324 terga,
829 2268 883 2308 et
920 2259 1133 2308 scabras
1172 2259 1443 2324 prurigine
1481 2259 1676 2315 clunes,

506 2347 765 2408 Quintum
805 2353 1094 2398 monstmm
1109 2368 1129 2398 .·
1178 2348 1578 2412 Gastrz'margia
1616 2350 1936 2414 (gulositas).

413 2436 534 2485 Hoc
576 2452 790 2501 quoque
829 2435 1103 2486 Cerbereis
1145 2446 1439 2487 monstrum
1480 2437 1548 2488 de
1585 2436 1823 2487 saucibus
1862 2436 1970 2487 exit

266 2523 606 2575 Ridiculum:
650 2541 770 2574 nam
810 2523 1008 2590 pingue
1046 2534 1222 2591 caput,
1263 2525 1406 2576 frons
1445 2525 1711 2591 prominet
1747 2525 1869 2585 alta,

262 2612 450 2672 Labra,
491 2629 654 2678 genas
710 2613 1000 2678 oculosque
1050 2621 1274 2673 tumens,
1314 2613 1414 2664 sub
1452 2623 1666 2679 gutture
1704 2613 1813 2664 lato

261 2701 451 2766 Surgit
489 2711 541 2751 et
580 2700 817 2751 inflatum
858 2701 998 2752 tollit
1034 2702 1170 2752 cutis
1209 2701 1372 2752 uvida
1408 2711 1612 2767 pectus.

264 2789 428 2848 Trita,
471 2789 661 2849 breviS,
705 2790 968 2841 maculata
1006 2807 1154 2841 mero
1193 2799 1249 2840 et
1285 2790 1609 2856 pinguedine
1647 2791 1808 2842 vestis

259 2878 366 2927 Vix
404 2894 572 2942 renes,
614 2878 928 2944 clunemque
966 2879 1118 2945 tegit,
1159 2889 1506 2946 ventremque
1545 2880 1834 2945 profusum.

270 2967 518 3032 Raraque
555 2966 750 3018 collisis
789 2984 946 3032 aegre
986 2968 1213 3033 vestigia
1250 2978 1423 3019 mutat

273 3054 583 3120 poplitibus,
624 3055 798 3106 curvis
836 3066 1085 3121 putruere
1122 3057 1222 3107 sub
1262 3057 1528 3122 unguibus
1567 3074 1738 3110 escae4

259 3144 349 3193 Ad
396 3143 622 3203 lumbOS,
664 3143 734 3194 ad
772 3143 1056 3209 utrumque
1093 3145 1231 3195 latus
1270 3146 1615 3211 lacrymantia
1653 3146 1850 3196 circum

260 3232 466 3281 Tuceta
503 3242 557 3281 et
593 3231 759 3297 guttis
796 3249 1051 3298 suspensa
1089 3233 1371 3284 fluentibus
1411 3234 1629 3285 haerent

264 3319 503 3379 Sumina,
545 3320 724 3384 lapsus
762 3321 927 3386 adeps
967 3321 1068 3372 iter
1106 3331 1159 3372 et
1201 3321 1426 3388 vestigia
1463 3322 1656 3388 signat.

263 3408 594 3474 Oenophoro
632 3407 781 3458 laeva
818 3420 1021 3460 armata
1058 3420 1154 3470 est,
1197 3410 1485 3462 abdomine
1523 3412 1726 3468 dextra,

260 3496 402 3546 Ante
441 3496 589 3547 cibos
627 3513 787 3563 quam
828 3513 1010 3562 pressa
1046 3499 1196 3563 gravi
1236 3500 1335 3549 sub
1374 3499 1514 3550 fasce
1555 3499 1758 3565 priores

266 3584 525 3635 Concoxit
564 3594 766 3645 natura,
807 3602 972 3636 novas
1010 3587 1365 3652 superingerit
1406 3587 1555 3647 offaS,

261 3672 550 3737 Impatiens
589 3673 756 3728 samis.
798 3690 1035 3724 escarum
1076 3673 1278 3725 infinita
1317 3691 1535 3741 vorago,
