<?xml version="1.0" encoding="UTF-8"?>
<!DOCTYPE html PUBLIC "-//W3C//DTD XHTML 1.0 Transitional//EN"
    "http://www.w3.org/TR/xhtml1/DTD/xhtml1-transitional.dtd">
<html xmlns="http://www.w3.org/1999/xhtml" xml:lang="en" lang="en">
 <head>
  <title>
</title>
<meta http-equiv="Content-Type" content="text/html;charset=utf-8" />
  <meta name='ocr-system' content='tesseract 3.04.00' />
  <meta name='ocr-capabilities' content='ocr_page ocr_carea ocr_par ocr_line ocrx_word'/>
</head>
<body>
  <div class='ocr_page' id='page_1' title='image "./libritresdecalam00spaguoft/libritresdecalam00spaguoft_0098.png"; bbox 0 0 2508 3978; ppageno 0'>
   <div class='ocr_carea' id='block_1_1' title="bbox 1141 101 1373 140">
    <p class='ocr_par' dir='ltr' id='par_1_1' title="bbox 1141 101 1373 140">
     <span class='ocr_line' id='line_1_1' title="bbox 1141 101 1373 140; baseline -0.009 -20"><span class='ocrx_word' id='word_1_1' title='bbox 1141 101 1373 140; x_wconf 69' lang='lat'><em>,92-</em></span> 
     </span>
    </p>
   </div>
   <div class='ocr_carea' id='block_1_2' title="bbox 297 205 2082 3731">
    <p class='ocr_par' dir='ltr' id='par_1_2' title="bbox 299 205 1899 1425">
     <span class='ocr_line' id='line_1_2' title="bbox 306 205 1598 270; baseline 0.002 -14"><span class='ocrx_word' id='word_1_2' title='bbox 306 206 499 267; x_wconf 85' lang='lat' dir='ltr'>Corda,</span> <span class='ocrx_word' id='word_1_3' title='bbox 539 205 806 257; x_wconf 88' lang='lat' dir='ltr'>videbaris</span> <span class='ocrx_word' id='word_1_4' title='bbox 846 206 1012 270; x_wconf 91' lang='lat' dir='ltr'>longo</span> <span class='ocrx_word' id='word_1_5' title='bbox 1050 205 1398 270; x_wconf 89' lang='lat' dir='ltr'>dignissimus</span> <span class='ocrx_word' id='word_1_6' title='bbox 1437 226 1598 258; x_wconf 87' lang='lat' dir='ltr'>aevo:</span> 
     </span>
     <span class='ocr_line' id='line_1_3' title="bbox 303 292 1744 361; baseline 0.002 -17"><span class='ocrx_word' id='word_1_7' title='bbox 303 295 376 344; x_wconf 87' lang='lat' dir='ltr'>At</span> <span class='ocrx_word' id='word_1_8' title='bbox 414 311 566 344; x_wconf 91' lang='lat' dir='ltr'>secus</span> <span class='ocrx_word' id='word_1_9' title='bbox 603 303 684 344; x_wconf 90' lang='lat' dir='ltr'>est</span> <span class='ocrx_word' id='word_1_10' title='bbox 719 294 870 343; x_wconf 91' lang='lat' dir='ltr'>coelo</span> <span class='ocrx_word' id='word_1_11' title='bbox 909 292 1099 352; x_wconf 86' lang='lat' dir='ltr'>visum,</span> <span class='ocrx_word' id='word_1_12' title='bbox 1140 311 1457 361; x_wconf 89' lang='lat' dir='ltr'>summoque</span> <span class='ocrx_word' id='word_1_13' title='bbox 1498 297 1744 348; x_wconf 87' lang='lat' dir='ltr'>Tonanti.</span> 
     </span>
     <span class='ocr_line' id='line_1_4' title="bbox 305 380 1479 450; baseline 0.003 -19"><span class='ocrx_word' id='word_1_14' title='bbox 305 382 454 432; x_wconf 89' lang='lat' dir='ltr'>Sicut</span> <span class='ocrx_word' id='word_1_15' title='bbox 492 381 624 431; x_wconf 90' lang='lat' dir='ltr'>mira</span> <span class='ocrx_word' id='word_1_16' title='bbox 663 381 756 431; x_wconf 91' lang='lat' dir='ltr'>tibi</span> <span class='ocrx_word' id='word_1_17' title='bbox 798 380 896 431; x_wconf 84' lang='lat' dir='ltr'>fuit</span> <span class='ocrx_word' id='word_1_18' title='bbox 933 392 987 431; x_wconf 93' lang='lat' dir='ltr'>et</span> <span class='ocrx_word' id='word_1_19' title='bbox 1024 382 1269 440; x_wconf 85' lang='lat' dir='ltr'>coelestis</span> <span class='ocrx_word' id='word_1_20' title='bbox 1308 384 1479 450; x_wconf 88' lang='lat' dir='ltr'>orig0‚</span> 
     </span>
     <span class='ocr_line' id='line_1_5' title="bbox 303 470 1724 537; baseline 0.004 -17"><span class='ocrx_word' id='word_1_21' title='bbox 303 470 392 520; x_wconf 91' lang='lat' dir='ltr'>Sic</span> <span class='ocrx_word' id='word_1_22' title='bbox 430 470 774 522; x_wconf 86' lang='lat' dir='ltr'>memoranda</span> <span class='ocrx_word' id='word_1_23' title='bbox 811 479 961 537; x_wconf 84' lang='lat' dir='ltr'>tuum</span> <span class='ocrx_word' id='word_1_24' title='bbox 1001 481 1224 522; x_wconf 88' lang='lat' dir='ltr'>renovat</span> <span class='ocrx_word' id='word_1_25' title='bbox 1262 472 1514 524; x_wconf 90' lang='lat' dir='ltr'>miracula</span> <span class='ocrx_word' id='word_1_26' title='bbox 1554 475 1724 535; x_wconf 61' lang='lat' dir='ltr'>sunm,</span> 
     </span>
     <span class='ocr_line' id='line_1_6' title="bbox 301 558 1789 634; baseline 0.003 -25"><span class='ocrx_word' id='word_1_27' title='bbox 301 560 601 624; x_wconf 86' lang='lat' dir='ltr'><strong>Sanctaque</strong></span> <span class='ocrx_word' id='word_1_28' title='bbox 638 558 773 608; x_wconf 85' lang='lat' dir='ltr'>felici</span> <span class='ocrx_word' id='word_1_29' title='bbox 814 575 959 609; x_wconf 88' lang='lat' dir='ltr'>mors</span> <span class='ocrx_word' id='word_1_30' title='bbox 998 576 1104 614; x_wconf 81' lang='lat' dir='ltr'>non</span> <span class='ocrx_word' id='word_1_31' title='bbox 1143 560 1416 612; x_wconf 84' lang='lat' dir='ltr'><strong>discordat</strong></span> <span class='ocrx_word' id='word_1_32' title='bbox 1453 563 1521 613; x_wconf 90' lang='lat' dir='ltr'>ab</span> <span class='ocrx_word' id='word_1_33' title='bbox 1559 573 1697 614; x_wconf 87' lang='lat' dir='ltr'>ortu.</span> <span class='ocrx_word' id='word_1_34' title='bbox 1787 631 1789 634; x_wconf 12' lang='grc' dir='ltr'><em>Α</em></span> 
     </span>
     <span class='ocr_line' id='line_1_7' title="bbox 305 647 1719 712; baseline 0.004 -16"><span class='ocrx_word' id='word_1_35' title='bbox 305 648 426 698; x_wconf 92' lang='lat' dir='ltr'>Non</span> <span class='ocrx_word' id='word_1_36' title='bbox 465 647 669 706; x_wconf 91' lang='lat' dir='ltr'>morbo,</span> <span class='ocrx_word' id='word_1_37' title='bbox 710 647 927 697; x_wconf 84' lang='lat' dir='ltr'>seniove</span> <span class='ocrx_word' id='word_1_38' title='bbox 964 647 1126 707; x_wconf 84' lang='lat' dir='ltr'>cadiS,</span> <span class='ocrx_word' id='word_1_39' title='bbox 1168 665 1274 699; x_wconf 92' lang='lat' dir='ltr'>non</span> <span class='ocrx_word' id='word_1_40' title='bbox 1312 650 1512 701; x_wconf 89' lang='lat' dir='ltr'>occidis</span> <span class='ocrx_word' id='word_1_41' title='bbox 1549 653 1719 712; x_wconf 87' lang='lat' dir='ltr'>hoste,</span> 
     </span>
     <span class='ocr_line' id='line_1_8' title="bbox 303 735 1744 804; baseline 0.004 -19"><span class='ocrx_word' id='word_1_42' title='bbox 303 735 496 786; x_wconf 87' lang='lat' dir='ltr'>Hostia</span> <span class='ocrx_word' id='word_1_43' title='bbox 532 735 808 786; x_wconf 88' lang='lat' dir='ltr'>coelitibus</span> <span class='ocrx_word' id='word_1_44' title='bbox 846 736 955 796; x_wconf 82' lang='lat' dir='ltr'>fieS,</span> <span class='ocrx_word' id='word_1_45' title='bbox 998 737 1346 804; x_wconf 88' lang='lat' dir='ltr'>manibusque</span> <span class='ocrx_word' id='word_1_46' title='bbox 1385 741 1616 804; x_wconf 88' lang='lat' dir='ltr'>paternis</span> <span class='ocrx_word' id='word_1_47' title='bbox 1740 800 1744 804; x_wconf 41' lang='grc'><em>,</em></span> 
     </span>
     <span class='ocr_line' id='line_1_9' title="bbox 304 824 1795 896; baseline 0.005 -23"><span class='ocrx_word' id='word_1_48' title='bbox 304 824 435 874; x_wconf 90' lang='lat' dir='ltr'>Mite</span> <span class='ocrx_word' id='word_1_49' title='bbox 473 825 607 874; x_wconf 85' lang='lat' dir='ltr'>feres</span> <span class='ocrx_word' id='word_1_50' title='bbox 646 824 832 874; x_wconf 91' lang='lat' dir='ltr'>mortis</span> <span class='ocrx_word' id='word_1_51' title='bbox 870 842 1040 889; x_wconf 88' lang='lat' dir='ltr'>genus</span> <span class='ocrx_word' id='word_1_52' title='bbox 1079 827 1198 887; x_wconf 91' lang='lat' dir='ltr'>hoe,</span> <span class='ocrx_word' id='word_1_53' title='bbox 1237 827 1417 888; x_wconf 89' lang='lat' dir='ltr'>invita,</span> <span class='ocrx_word' id='word_1_54' title='bbox 1460 839 1795 896; x_wconf 90' lang='lat' dir='ltr'>tremensque</span> 
     </span>
     <span class='ocr_line' id='line_1_10' title="bbox 303 913 1580 984; baseline 0.005 -21"><span class='ocrx_word' id='word_1_55' title='bbox 303 914 564 964; x_wconf 84' lang='lat' dir='ltr'>Tristibus</span> <span class='ocrx_word' id='word_1_56' title='bbox 603 913 788 964; x_wconf 85' lang='lat' dir='ltr'>officiis</span> <span class='ocrx_word' id='word_1_57' title='bbox 827 914 1034 964; x_wconf 89' lang='lat' dir='ltr'>accedit</span> <span class='ocrx_word' id='word_1_58' title='bbox 1071 915 1273 976; x_wconf 88' lang='lat' dir='ltr'>dextra,</span> <span class='ocrx_word' id='word_1_59' title='bbox 1314 928 1580 984; x_wconf 83' lang='lat' dir='ltr'>pavetque</span> 
     </span>
     <span class='ocr_line' id='line_1_11' title="bbox 301 1002 1654 1069; baseline 0.004 -16"><span class='ocrx_word' id='word_1_60' title='bbox 301 1004 490 1053; x_wconf 85' lang='lat' dir='ltr'>Pectus</span> <span class='ocrx_word' id='word_1_61' title='bbox 529 1012 582 1052; x_wconf 92' lang='lat' dir='ltr'>et</span> <span class='ocrx_word' id='word_1_62' title='bbox 620 1002 854 1052; x_wconf 87' lang='lat' dir='ltr'>immotis</span> <span class='ocrx_word' id='word_1_63' title='bbox 891 1002 1087 1069; x_wconf 86' lang='lat' dir='ltr'>frigent</span> <span class='ocrx_word' id='word_1_64' title='bbox 1123 1006 1437 1069; x_wconf 90' lang='lat' dir='ltr'>praecordia</span> <span class='ocrx_word' id='word_1_65' title='bbox 1474 1007 1654 1068; x_wconf 85' lang='lat' dir='ltr'>fibris;</span> 
     </span>
     <span class='ocr_line' id='line_1_12' title="bbox 302 1090 1899 1158; baseline 0.004 -17"><span class='ocrx_word' id='word_1_66' title='bbox 302 1091 410 1141; x_wconf 91' lang='lat' dir='ltr'>Sed</span> <span class='ocrx_word' id='word_1_67' title='bbox 449 1090 712 1155; x_wconf 88' lang='lat' dir='ltr'>Superum</span> <span class='ocrx_word' id='word_1_68' title='bbox 754 1090 1006 1141; x_wconf 86' lang='lat' dir='ltr'>mandata</span> <span class='ocrx_word' id='word_1_69' title='bbox 1043 1091 1195 1158; x_wconf 90' lang='lat' dir='ltr'>sequi</span> <span class='ocrx_word' id='word_1_70' title='bbox 1235 1102 1288 1142; x_wconf 93' lang='lat' dir='ltr'>et</span> <span class='ocrx_word' id='word_1_71' title='bbox 1327 1110 1513 1158; x_wconf 88' lang='lat' dir='ltr'>parere</span> <span class='ocrx_word' id='word_1_72' title='bbox 1551 1113 1763 1147; x_wconf 89' lang='lat' dir='ltr'>necesse</span> <span class='ocrx_word' id='word_1_73' title='bbox 1802 1106 1899 1147; x_wconf 85' lang='lat' dir='ltr'>est.</span> 
     </span>
     <span class='ocr_line' id='line_1_13' title="bbox 303 1179 1620 1246; baseline 0.003 -16"><span class='ocrx_word' id='word_1_74' title='bbox 303 1182 415 1231; x_wconf 91' lang='lat' dir='ltr'>Nec</span> <span class='ocrx_word' id='word_1_75' title='bbox 455 1191 507 1230; x_wconf 91' lang='lat' dir='ltr'>te</span> <span class='ocrx_word' id='word_1_76' title='bbox 545 1180 678 1230; x_wconf 85' lang='lat' dir='ltr'>dura</span> <span class='ocrx_word' id='word_1_77' title='bbox 716 1179 893 1230; x_wconf 92' lang='lat' dir='ltr'>brevis</span> <span class='ocrx_word' id='word_1_78' title='bbox 933 1193 1150 1231; x_wconf 89' lang='lat' dir='ltr'>moveat</span> <span class='ocrx_word' id='word_1_79' title='bbox 1188 1183 1485 1246; x_wconf 89' lang='lat' dir='ltr'>praesentia</span> <span class='ocrx_word' id='word_1_80' title='bbox 1511 1184 1620 1244; x_wconf 86' lang='lat' dir='ltr'>fati,</span> 
     </span>
     <span class='ocr_line' id='line_1_14' title="bbox 299 1267 1796 1334; baseline 0.004 -17"><span class='ocrx_word' id='word_1_81' title='bbox 299 1268 529 1334; x_wconf 78' lang='lat' dir='ltr'>Quando</span> <span class='ocrx_word' id='word_1_82' title='bbox 568 1267 663 1316; x_wconf 90' lang='lat' dir='ltr'>tibi</span> <span class='ocrx_word' id='word_1_83' title='bbox 692 1267 880 1317; x_wconf 89' lang='lat' dir='ltr'>melior</span> <span class='ocrx_word' id='word_1_84' title='bbox 918 1267 1136 1318; x_wconf 89' lang='lat' dir='ltr'>dabitur</span> <span class='ocrx_word' id='word_1_85' title='bbox 1174 1268 1284 1319; x_wconf 93' lang='lat' dir='ltr'>vita</span> <span class='ocrx_word' id='word_1_86' title='bbox 1323 1270 1537 1321; x_wconf 86' lang='lat' dir='ltr'>aethere</span> <span class='ocrx_word' id='word_1_87' title='bbox 1577 1271 1629 1322; x_wconf 91' lang='lat' dir='ltr'>in</span> <span class='ocrx_word' id='word_1_88' title='bbox 1667 1273 1796 1323; x_wconf 91' lang='lat' dir='ltr'>alto.</span> 
     </span>
     <span class='ocr_line' id='line_1_15' title="bbox 770 1356 1732 1425; baseline 0.007 -21"><span class='ocrx_word' id='word_1_89' title='bbox 770 1356 1148 1421; x_wconf 80' lang='lat' dir='ltr'>(Prosequitur</span> <span class='ocrx_word' id='word_1_90' title='bbox 1184 1364 1489 1422; x_wconf 82' lang='lat' dir='ltr'>responsum</span> <span class='ocrx_word' id='word_1_91' title='bbox 1543 1361 1732 1425; x_wconf 84' lang='lat' dir='ltr'>Isaac).</span> 
     </span>
    </p>

    <p class='ocr_par' dir='ltr' id='par_1_3' title="bbox 297 1445 2082 3731">
     <span class='ocr_line' id='line_1_16' title="bbox 449 1445 1904 1516; baseline 0.003 -20"><span class='ocrx_word' id='word_1_92' title='bbox 449 1447 566 1496; x_wconf 91' lang='lat' dir='ltr'>Hac</span> <span class='ocrx_word' id='word_1_93' title='bbox 606 1456 756 1510; x_wconf 91' lang='lat' dir='ltr'>pater</span> <span class='ocrx_word' id='word_1_94' title='bbox 795 1445 1147 1509; x_wconf 78' lang='lat' dir='ltr'>illacrymans,</span> <span class='ocrx_word' id='word_1_95' title='bbox 1188 1463 1416 1512; x_wconf 90' lang='lat' dir='ltr'>caraque</span> <span class='ocrx_word' id='word_1_96' title='bbox 1454 1448 1507 1498; x_wconf 90' lang='lat' dir='ltr'>in</span> <span class='ocrx_word' id='word_1_97' title='bbox 1542 1450 1774 1516; x_wconf 86' lang='lat' dir='ltr'>imagine</span> <span class='ocrx_word' id='word_1_98' title='bbox 1795 1451 1904 1501; x_wconf 89' lang='lat' dir='ltr'>nati</span> 
     </span>
     <span class='ocr_line' id='line_1_17' title="bbox 301 1533 1545 1588; baseline 0.003 -4"><span class='ocrx_word' id='word_1_99' title='bbox 301 1535 526 1584; x_wconf 90' lang='lat' dir='ltr'>Lumina</span> <span class='ocrx_word' id='word_1_100' title='bbox 564 1534 769 1585; x_wconf 83' lang='lat' dir='ltr'>defixus</span> <span class='ocrx_word' id='word_1_101' title='bbox 807 1533 1077 1584; x_wconf 91' lang='lat' dir='ltr'>minuebat</span> <span class='ocrx_word' id='word_1_102' title='bbox 1115 1552 1248 1585; x_wconf 90' lang='lat' dir='ltr'>voce</span> <span class='ocrx_word' id='word_1_103' title='bbox 1285 1536 1545 1588; x_wconf 87' lang='lat' dir='ltr'>dolorem.</span> 
     </span>
     <span class='ocr_line' id='line_1_18' title="bbox 300 1623 1727 1691; baseline 0.004 -19"><span class='ocrx_word' id='word_1_104' title='bbox 300 1624 464 1672; x_wconf 86' lang='lat' dir='ltr'>Filius</span> <span class='ocrx_word' id='word_1_105' title='bbox 504 1624 634 1673; x_wconf 90' lang='lat' dir='ltr'>haec</span> <span class='ocrx_word' id='word_1_106' title='bbox 671 1631 889 1672; x_wconf 86' lang='lat' dir='ltr'>contra:</span> <span class='ocrx_word' id='word_1_107' title='bbox 934 1623 1092 1672; x_wconf 89' lang='lat' dir='ltr'>Pater</span> <span class='ocrx_word' id='word_1_108' title='bbox 1131 1624 1263 1674; x_wconf 90' lang='lat' dir='ltr'>haec</span> <span class='ocrx_word' id='word_1_109' title='bbox 1301 1625 1532 1690; x_wconf 88' lang='lat' dir='ltr'>suspiria</span> <span class='ocrx_word' id='word_1_110' title='bbox 1572 1644 1727 1691; x_wconf 80' lang='lat' dir='ltr'>pone.</span> 
     </span>
     <span class='ocr_line' id='line_1_19' title="bbox 302 1710 1691 1777; baseline 0.002 -15"><span class='ocrx_word' id='word_1_111' title='bbox 302 1714 444 1762; x_wconf 90' lang='lat' dir='ltr'>Pone</span> <span class='ocrx_word' id='word_1_112' title='bbox 482 1722 633 1776; x_wconf 86' lang='lat' dir='ltr'>pater</span> <span class='ocrx_word' id='word_1_113' title='bbox 671 1711 870 1771; x_wconf 90' lang='lat' dir='ltr'>fletum,</span> <span class='ocrx_word' id='word_1_114' title='bbox 912 1710 956 1760; x_wconf 88' lang='lat' dir='ltr'>si</span> <span class='ocrx_word' id='word_1_115' title='bbox 995 1711 1289 1777; x_wconf 88' lang='lat' dir='ltr'>quidquam</span> <span class='ocrx_word' id='word_1_116' title='bbox 1329 1715 1435 1764; x_wconf 89' lang='lat' dir='ltr'>sata</span> <span class='ocrx_word' id='word_1_117' title='bbox 1474 1715 1691 1775; x_wconf 87' lang='lat' dir='ltr'>doloris,</span> 
     </span>
     <span class='ocr_line' id='line_1_20' title="bbox 300 1799 1845 1866; baseline 0.003 -16"><span class='ocrx_word' id='word_1_118' title='bbox 300 1803 508 1851; x_wconf 89' lang='lat' dir='ltr'>Funera</span> <span class='ocrx_word' id='word_1_119' title='bbox 544 1799 588 1850; x_wconf 89' lang='lat' dir='ltr'>si</span> <span class='ocrx_word' id='word_1_120' title='bbox 628 1799 758 1865; x_wconf 92' lang='lat' dir='ltr'>quid</span> <span class='ocrx_word' id='word_1_121' title='bbox 798 1799 996 1849; x_wconf 90' lang='lat' dir='ltr'>habent</span> <span class='ocrx_word' id='word_1_122' title='bbox 1032 1817 1252 1865; x_wconf 89' lang='lat' dir='ltr'>poenae,</span> <span class='ocrx_word' id='word_1_123' title='bbox 1291 1801 1428 1866; x_wconf 88' lang='lat' dir='ltr'>sugit</span> <span class='ocrx_word' id='word_1_124' title='bbox 1466 1803 1614 1853; x_wconf 89' lang='lat' dir='ltr'>ocius</span> <span class='ocrx_word' id='word_1_125' title='bbox 1653 1805 1845 1864; x_wconf 63' lang='lat' dir='ltr'>Euro„</span> 
     </span>
     <span class='ocr_line' id='line_1_21' title="bbox 299 1888 1506 1955; baseline 0.001 -15"><span class='ocrx_word' id='word_1_126' title='bbox 299 1892 445 1955; x_wconf 85' lang='lat' dir='ltr'>Ergo</span> <span class='ocrx_word' id='word_1_127' title='bbox 487 1888 588 1939; x_wconf 91' lang='lat' dir='ltr'>Dei</span> <span class='ocrx_word' id='word_1_128' title='bbox 627 1898 825 1939; x_wconf 89' lang='lat' dir='ltr'>sortem</span> <span class='ocrx_word' id='word_1_129' title='bbox 867 1888 1086 1953; x_wconf 90' lang='lat' dir='ltr'>potuisti</span> <span class='ocrx_word' id='word_1_130' title='bbox 1126 1890 1342 1940; x_wconf 90' lang='lat' dir='ltr'>credere</span> <span class='ocrx_word' id='word_1_131' title='bbox 1380 1901 1506 1941; x_wconf 88' lang='lat' dir='ltr'>nato</span> 
     </span>
     <span class='ocr_line' id='line_1_22' title="bbox 297 1977 1707 2033; baseline 0.004 -5"><span class='ocrx_word' id='word_1_132' title='bbox 297 1978 614 2029; x_wconf 87' lang='lat' dir='ltr'>Difficilem?</span> <span class='ocrx_word' id='word_1_133' title='bbox 655 1977 917 2028; x_wconf 86' lang='lat' dir='ltr'>tenerisve</span> <span class='ocrx_word' id='word_1_134' title='bbox 956 1978 1029 2028; x_wconf 87' lang='lat' dir='ltr'>fui</span> <span class='ocrx_word' id='word_1_135' title='bbox 1069 1978 1144 2029; x_wconf 89' lang='lat' dir='ltr'>sic</span> <span class='ocrx_word' id='word_1_136' title='bbox 1184 1979 1374 2031; x_wconf 90' lang='lat' dir='ltr'>doctus</span> <span class='ocrx_word' id='word_1_137' title='bbox 1413 1982 1481 2031; x_wconf 92' lang='lat' dir='ltr'>ab</span> <span class='ocrx_word' id='word_1_138' title='bbox 1520 1982 1707 2033; x_wconf 88' lang='lat' dir='ltr'>annis?</span> 
     </span>
     <span class='ocr_line' id='line_1_23' title="bbox 300 2068 1810 2135; baseline 0.002 -16"><span class='ocrx_word' id='word_1_139' title='bbox 300 2071 415 2119; x_wconf 87' lang='lat' dir='ltr'>Hos</span> <span class='ocrx_word' id='word_1_140' title='bbox 454 2085 621 2133; x_wconf 88' lang='lat' dir='ltr'>puero</span> <span class='ocrx_word' id='word_1_141' title='bbox 660 2083 835 2117; x_wconf 87' lang='lat' dir='ltr'>mores</span> <span class='ocrx_word' id='word_1_142' title='bbox 875 2077 1042 2131; x_wconf 82' lang='lat' dir='ltr'>pater.</span> <span class='ocrx_word' id='word_1_143' title='bbox 1085 2068 1215 2118; x_wconf 92' lang='lat' dir='ltr'>haec</span> <span class='ocrx_word' id='word_1_144' title='bbox 1253 2081 1537 2135; x_wconf 89' lang='lat' dir='ltr'>praecepta</span> <span class='ocrx_word' id='word_1_145' title='bbox 1577 2071 1810 2122; x_wconf 87' lang='lat' dir='ltr'>dedisti?</span> 
     </span>
     <span class='ocr_line' id='line_1_24' title="bbox 299 2156 1739 2223; baseline 0.001 -15"><span class='ocrx_word' id='word_1_146' title='bbox 299 2158 598 2223; x_wconf 89' lang='lat' dir='ltr'>Intrepidus</span> <span class='ocrx_word' id='word_1_147' title='bbox 636 2156 727 2206; x_wconf 86' lang='lat' dir='ltr'>fati</span> <span class='ocrx_word' id='word_1_148' title='bbox 766 2173 935 2221; x_wconf 89' lang='lat' dir='ltr'>genus</span> <span class='ocrx_word' id='word_1_149' title='bbox 975 2157 1077 2206; x_wconf 92' lang='lat' dir='ltr'>hoc</span> <span class='ocrx_word' id='word_1_150' title='bbox 1117 2167 1419 2209; x_wconf 87' lang='lat' dir='ltr'>reverenter</span> <span class='ocrx_word' id='word_1_151' title='bbox 1457 2160 1739 2210; x_wconf 88' lang='lat' dir='ltr'>honestum</span> 
     </span>
     <span class='ocr_line' id='line_1_25' title="bbox 297 2245 1772 2311; baseline 0.002 -14"><span class='ocrx_word' id='word_1_152' title='bbox 297 2246 558 2311; x_wconf 87' lang='lat' dir='ltr'>Suscipi0‚</span> <span class='ocrx_word' id='word_1_153' title='bbox 598 2263 696 2295; x_wconf 98' lang='grc' dir='ltr'>ηερ</span> <span class='ocrx_word' id='word_1_154' title='bbox 735 2262 822 2296; x_wconf 91' lang='lat' dir='ltr'>me</span> <span class='ocrx_word' id='word_1_155' title='bbox 859 2245 1121 2306; x_wconf 87' lang='lat' dir='ltr'>flammae,</span> <span class='ocrx_word' id='word_1_156' title='bbox 1163 2263 1259 2296; x_wconf 92' lang='lat' dir='ltr'>nec</span> <span class='ocrx_word' id='word_1_157' title='bbox 1297 2247 1516 2298; x_wconf 88' lang='lat' dir='ltr'>vulnera</span> <span class='ocrx_word' id='word_1_158' title='bbox 1556 2258 1772 2302; x_wconf 83' lang='lat' dir='ltr'>terrent.</span> 
     </span>
     <span class='ocr_line' id='line_1_26' title="bbox 299 2334 1809 2400; baseline 0.002 -15"><span class='ocrx_word' id='word_1_159' title='bbox 299 2338 469 2385; x_wconf 91' lang='lat' dir='ltr'>Immo</span> <span class='ocrx_word' id='word_1_160' title='bbox 509 2352 612 2400; x_wconf 91' lang='lat' dir='ltr'>ego</span> <span class='ocrx_word' id='word_1_161' title='bbox 654 2352 738 2384; x_wconf 92' lang='lat' dir='ltr'>me</span> <span class='ocrx_word' id='word_1_162' title='bbox 778 2335 970 2384; x_wconf 87' lang='lat' dir='ltr'>frustra</span> <span class='ocrx_word' id='word_1_163' title='bbox 1009 2334 1249 2400; x_wconf 87' lang='lat' dir='ltr'>genitum</span> <span class='ocrx_word' id='word_1_164' title='bbox 1289 2346 1343 2386; x_wconf 92' lang='lat' dir='ltr'>et</span> <span class='ocrx_word' id='word_1_165' title='bbox 1380 2336 1630 2387; x_wconf 87' lang='lat' dir='ltr'>vitalibus</span> <span class='ocrx_word' id='word_1_166' title='bbox 1669 2338 1809 2388; x_wconf 88' lang='lat' dir='ltr'>auris</span> 
     </span>
     <span class='ocr_line' id='line_1_27' title="bbox 297 2423 1568 2490; baseline 0.001 -15"><span class='ocrx_word' id='word_1_167' title='bbox 297 2426 496 2475; x_wconf 90' lang='lat' dir='ltr'>Contra</span> <span class='ocrx_word' id='word_1_168' title='bbox 534 2423 649 2473; x_wconf 88' lang='lat' dir='ltr'>iura</span> <span class='ocrx_word' id='word_1_169' title='bbox 687 2423 785 2473; x_wconf 89' lang='lat' dir='ltr'>frui</span> <span class='ocrx_word' id='word_1_170' title='bbox 825 2423 1055 2481; x_wconf 86' lang='lat' dir='ltr'>credam,</span> <span class='ocrx_word' id='word_1_171' title='bbox 1096 2423 1141 2473; x_wconf 91' lang='lat' dir='ltr'>si</span> <span class='ocrx_word' id='word_1_172' title='bbox 1181 2424 1322 2475; x_wconf 89' lang='lat' dir='ltr'>iussa</span> <span class='ocrx_word' id='word_1_173' title='bbox 1362 2424 1568 2490; x_wconf 86' lang='lat' dir='ltr'>pigeret</span> 
     </span>
     <span class='ocr_line' id='line_1_28' title="bbox 299 2512 1733 2578; baseline 0.001 -15"><span class='ocrx_word' id='word_1_174' title='bbox 299 2515 407 2564; x_wconf 86' lang='lat' dir='ltr'>Ista</span> <span class='ocrx_word' id='word_1_175' title='bbox 445 2512 583 2578; x_wconf 87' lang='lat' dir='ltr'>pati;</span> <span class='ocrx_word' id='word_1_176' title='bbox 626 2528 742 2562; x_wconf 89' lang='lat' dir='ltr'>mea</span> <span class='ocrx_word' id='word_1_177' title='bbox 781 2512 1020 2562; x_wconf 91' lang='lat' dir='ltr'>membra</span> <span class='ocrx_word' id='word_1_178' title='bbox 1060 2512 1207 2562; x_wconf 87' lang='lat' dir='ltr'>Deus</span> <span class='ocrx_word' id='word_1_179' title='bbox 1246 2513 1553 2565; x_wconf 86' lang='lat' dir='ltr'>melioribus</span> <span class='ocrx_word' id='word_1_180' title='bbox 1592 2515 1733 2566; x_wconf 86' lang='lat' dir='ltr'>auris</span> 
     </span>
     <span class='ocr_line' id='line_1_29' title="bbox 301 2599 1590 2663; baseline 0.002 -13"><span class='ocrx_word' id='word_1_181' title='bbox 301 2602 521 2660; x_wconf 89' lang='lat' dir='ltr'>Imbuet,</span> <span class='ocrx_word' id='word_1_182' title='bbox 563 2599 763 2650; x_wconf 89' lang='lat' dir='ltr'>interea</span> <span class='ocrx_word' id='word_1_183' title='bbox 801 2600 970 2650; x_wconf 90' lang='lat' dir='ltr'>donec</span> <span class='ocrx_word' id='word_1_184' title='bbox 1010 2617 1148 2651; x_wconf 89' lang='lat' dir='ltr'>nova</span> <span class='ocrx_word' id='word_1_185' title='bbox 1188 2601 1390 2652; x_wconf 91' lang='lat' dir='ltr'>venerit</span> <span class='ocrx_word' id='word_1_186' title='bbox 1428 2612 1590 2663; x_wconf 82' lang='lat' dir='ltr'>aetaS‚</span> 
     </span>
     <span class='ocr_line' id='line_1_30' title="bbox 301 2688 1854 2757; baseline 0.002 -18"><span class='ocrx_word' id='word_1_187' title='bbox 301 2691 435 2740; x_wconf 91' lang='lat' dir='ltr'>Pace</span> <span class='ocrx_word' id='word_1_188' title='bbox 474 2690 615 2739; x_wconf 82' lang='lat' dir='ltr'>fruar</span> <span class='ocrx_word' id='word_1_189' title='bbox 654 2688 878 2753; x_wconf 90' lang='lat' dir='ltr'>placida,</span> <span class='ocrx_word' id='word_1_190' title='bbox 919 2698 1130 2753; x_wconf 87' lang='lat' dir='ltr'>patrum</span> <span class='ocrx_word' id='word_1_191' title='bbox 1169 2707 1290 2740; x_wconf 91' lang='lat' dir='ltr'>cum</span> <span class='ocrx_word' id='word_1_192' title='bbox 1331 2690 1548 2741; x_wconf 86' lang='lat' dir='ltr'>mitibus</span> <span class='ocrx_word' id='word_1_193' title='bbox 1587 2691 1788 2742; x_wconf 87' lang='lat' dir='ltr'>umbris</span> <span class='ocrx_word' id='word_1_194' title='bbox 1852 2754 1854 2757; x_wconf 21' lang='grc' dir='ltr'>Ι</span> 
     </span>
     <span class='ocr_line' id='line_1_31' title="bbox 299 2777 1921 2844; baseline 0.002 -17"><span class='ocrx_word' id='word_1_195' title='bbox 299 2780 375 2828; x_wconf 86' lang='grc' dir='ltr'>Τε</span> <span class='ocrx_word' id='word_1_196' title='bbox 414 2788 713 2843; x_wconf 87' lang='lat' dir='ltr'>expectans,</span> <span class='ocrx_word' id='word_1_197' title='bbox 757 2788 846 2827; x_wconf 91' lang='lat' dir='ltr'>tua</span> <span class='ocrx_word' id='word_1_198' title='bbox 886 2794 1115 2844; x_wconf 89' lang='lat' dir='ltr'>namque</span> <span class='ocrx_word' id='word_1_199' title='bbox 1154 2777 1346 2829; x_wconf 90' lang='lat' dir='ltr'>iterum</span> <span class='ocrx_word' id='word_1_200' title='bbox 1386 2790 1537 2844; x_wconf 88' lang='lat' dir='ltr'>pater</span> <span class='ocrx_word' id='word_1_201' title='bbox 1574 2797 1668 2830; x_wconf 90' lang='lat' dir='ltr'>ora</span> <span class='ocrx_word' id='word_1_202' title='bbox 1706 2780 1921 2831; x_wconf 82' lang='lat' dir='ltr'>videbo.</span> 
     </span>
     <span class='ocr_line' id='line_1_32' title="bbox 300 2866 1657 2933; baseline 0.001 -16"><span class='ocrx_word' id='word_1_203' title='bbox 300 2867 400 2918; x_wconf 88' lang='lat' dir='ltr'>His</span> <span class='ocrx_word' id='word_1_204' title='bbox 440 2877 590 2932; x_wconf 86' lang='lat' dir='ltr'>pater</span> <span class='ocrx_word' id='word_1_205' title='bbox 629 2866 681 2916; x_wconf 87' lang='lat' dir='ltr'>in</span> <span class='ocrx_word' id='word_1_206' title='bbox 721 2866 902 2916; x_wconf 87' lang='lat' dir='ltr'>fletum</span> <span class='ocrx_word' id='word_1_207' title='bbox 942 2866 1098 2917; x_wconf 91' lang='lat' dir='ltr'>dictis</span> <span class='ocrx_word' id='word_1_208' title='bbox 1137 2868 1380 2933; x_wconf 88' lang='lat' dir='ltr'>prorupit</span> <span class='ocrx_word' id='word_1_209' title='bbox 1418 2878 1471 2919; x_wconf 93' lang='lat' dir='ltr'>et</span> <span class='ocrx_word' id='word_1_210' title='bbox 1510 2868 1657 2919; x_wconf 90' lang='lat' dir='ltr'>ibant</span> 
     </span>
     <span class='ocr_line' id='line_1_33' title="bbox 297 2956 1777 3020; baseline 0.001 -14"><span class='ocrx_word' id='word_1_211' title='bbox 297 2957 408 3007; x_wconf 90' lang='lat' dir='ltr'>Ora</span> <span class='ocrx_word' id='word_1_212' title='bbox 447 2973 540 3020; x_wconf 87' lang='lat' dir='ltr'>per</span> <span class='ocrx_word' id='word_1_213' title='bbox 578 2966 632 3005; x_wconf 92' lang='lat' dir='ltr'>et</span> <span class='ocrx_word' id='word_1_214' title='bbox 669 2956 891 3005; x_wconf 90' lang='lat' dir='ltr'>barbam</span> <span class='ocrx_word' id='word_1_215' title='bbox 930 2956 1212 3020; x_wconf 89' lang='lat' dir='ltr'>lacrymae,</span> <span class='ocrx_word' id='word_1_216' title='bbox 1253 2957 1491 3008; x_wconf 86' lang='lat' dir='ltr'>cecidere</span> <span class='ocrx_word' id='word_1_217' title='bbox 1532 2958 1777 3009; x_wconf 86' lang='lat' dir='ltr'>trementi</span> 
     </span>
     <span class='ocr_line' id='line_1_34' title="bbox 297 3044 1780 3110; baseline 0 -15"><span class='ocrx_word' id='word_1_218' title='bbox 297 3046 463 3095; x_wconf 89' lang='lat' dir='ltr'>Arma</span> <span class='ocrx_word' id='word_1_219' title='bbox 503 3062 679 3104; x_wconf 88' lang='lat' dir='ltr'>manu,</span> <span class='ocrx_word' id='word_1_220' title='bbox 718 3061 839 3094; x_wconf 89' lang='lat' dir='ltr'>cum</span> <span class='ocrx_word' id='word_1_221' title='bbox 879 3045 955 3095; x_wconf 92' lang='lat' dir='ltr'>sic</span> <span class='ocrx_word' id='word_1_222' title='bbox 995 3044 1186 3095; x_wconf 87' lang='lat' dir='ltr'>iterum</span> <span class='ocrx_word' id='word_1_223' title='bbox 1227 3063 1359 3110; x_wconf 90' lang='lat' dir='ltr'>puer</span> <span class='ocrx_word' id='word_1_224' title='bbox 1398 3063 1491 3096; x_wconf 86' lang='lat' dir='ltr'>ora</span> <span class='ocrx_word' id='word_1_225' title='bbox 1531 3046 1780 3098; x_wconf 90' lang='lat' dir='ltr'>resolvit:</span> 
     </span>
     <span class='ocr_line' id='line_1_35' title="bbox 298 3132 1767 3197; baseline 0.003 -15"><span class='ocrx_word' id='word_1_226' title='bbox 298 3133 442 3197; x_wconf 89' lang='lat' dir='ltr'>Quid</span> <span class='ocrx_word' id='word_1_227' title='bbox 483 3132 647 3197; x_wconf 89' lang='lat' dir='ltr'>patris</span> <span class='ocrx_word' id='word_1_228' title='bbox 686 3142 739 3182; x_wconf 92' lang='lat' dir='ltr'>et</span> <span class='ocrx_word' id='word_1_229' title='bbox 778 3132 887 3182; x_wconf 90' lang='lat' dir='ltr'>nati</span> <span class='ocrx_word' id='word_1_230' title='bbox 927 3142 1134 3183; x_wconf 91' lang='lat' dir='ltr'>tantum</span> <span class='ocrx_word' id='word_1_231' title='bbox 1181 3143 1232 3184; x_wconf 92' lang='lat' dir='ltr'>te</span> <span class='ocrx_word' id='word_1_232' title='bbox 1272 3134 1486 3184; x_wconf 87' lang='lat' dir='ltr'>nomina</span> <span class='ocrx_word' id='word_1_233' title='bbox 1526 3137 1767 3186; x_wconf 88' lang='lat' dir='ltr'>terrent?</span> 
     </span>
     <span class='ocr_line' id='line_1_36' title="bbox 298 3221 1622 3289; baseline 0.003 -19"><span class='ocrx_word' id='word_1_234' title='bbox 298 3221 443 3286; x_wconf 89' lang='lat' dir='ltr'>Quid</span> <span class='ocrx_word' id='word_1_235' title='bbox 482 3231 535 3271; x_wconf 93' lang='lat' dir='ltr'>te</span> <span class='ocrx_word' id='word_1_236' title='bbox 574 3221 703 3271; x_wconf 88' lang='lat' dir='ltr'>falsa</span> <span class='ocrx_word' id='word_1_237' title='bbox 741 3221 875 3286; x_wconf 89' lang='lat' dir='ltr'>ligat</span> <span class='ocrx_word' id='word_1_238' title='bbox 914 3222 1107 3272; x_wconf 89' lang='lat' dir='ltr'>stultae</span> <span class='ocrx_word' id='word_1_239' title='bbox 1146 3222 1361 3287; x_wconf 90' lang='lat' dir='ltr'>pietatis</span> <span class='ocrx_word' id='word_1_240' title='bbox 1401 3223 1622 3289; x_wconf 90' lang='lat' dir='ltr'>imago?</span> 
     </span>
     <span class='ocr_line' id='line_1_37' title="bbox 300 3310 1633 3377; baseline 0.004 -18"><span class='ocrx_word' id='word_1_241' title='bbox 300 3311 396 3360; x_wconf 86' lang='lat' dir='ltr'>Est</span> <span class='ocrx_word' id='word_1_242' title='bbox 433 3310 602 3375; x_wconf 86' lang='lat' dir='ltr'>pietas</span> <span class='ocrx_word' id='word_1_243' title='bbox 640 3327 888 3375; x_wconf 90' lang='lat' dir='ltr'>suprema</span> <span class='ocrx_word' id='word_1_244' title='bbox 931 3311 1048 3361; x_wconf 92' lang='lat' dir='ltr'>Deo</span> <span class='ocrx_word' id='word_1_245' title='bbox 1088 3328 1291 3377; x_wconf 88' lang='lat' dir='ltr'>parere,</span> <span class='ocrx_word' id='word_1_246' title='bbox 1331 3329 1428 3363; x_wconf 93' lang='lat' dir='ltr'>nec</span> <span class='ocrx_word' id='word_1_247' title='bbox 1467 3314 1633 3364; x_wconf 89' lang='lat' dir='ltr'>ullum</span> 
     </span>
     <span class='ocr_line' id='line_1_38' title="bbox 300 3398 1729 3458; baseline 0.003 -11"><span class='ocrx_word' id='word_1_248' title='bbox 300 3398 517 3448; x_wconf 87' lang='lat' dir='ltr'>Gratius</span> <span class='ocrx_word' id='word_1_249' title='bbox 555 3408 638 3449; x_wconf 90' lang='lat' dir='ltr'>est</span> <span class='ocrx_word' id='word_1_250' title='bbox 674 3415 900 3458; x_wconf 89' lang='lat' dir='ltr'>sacrum,</span> <span class='ocrx_word' id='word_1_251' title='bbox 942 3416 1038 3450; x_wconf 92' lang='lat' dir='ltr'>nec</span> <span class='ocrx_word' id='word_1_252' title='bbox 1077 3399 1295 3450; x_wconf 87' lang='lat' dir='ltr'>victima</span> <span class='ocrx_word' id='word_1_253' title='bbox 1334 3402 1568 3452; x_wconf 89' lang='lat' dir='ltr'>sanctior</span> <span class='ocrx_word' id='word_1_254' title='bbox 1606 3403 1729 3453; x_wconf 91' lang='lat' dir='ltr'>ulla.</span> 
     </span>
     <span class='ocr_line' id='line_1_39' title="bbox 300 3486 1886 3557; baseline 0.004 -22"><span class='ocrx_word' id='word_1_255' title='bbox 300 3487 452 3536; x_wconf 84' lang='lat' dir='ltr'>Anne</span> <span class='ocrx_word' id='word_1_256' title='bbox 489 3486 656 3547; x_wconf 78' lang='lat' dir='ltr'>doleS,</span> <span class='ocrx_word' id='word_1_257' title='bbox 698 3496 788 3537; x_wconf 90' lang='lat' dir='ltr'>tua</span> <span class='ocrx_word' id='word_1_258' title='bbox 827 3488 974 3553; x_wconf 90' lang='lat' dir='ltr'>quod</span> <span class='ocrx_word' id='word_1_259' title='bbox 1013 3488 1233 3554; x_wconf 88' lang='lat' dir='ltr'>Superis</span> <span class='ocrx_word' id='word_1_260' title='bbox 1271 3489 1433 3549; x_wconf 85' lang='lat' dir='ltr'>sitet</span> <span class='ocrx_word' id='word_1_261' title='bbox 1469 3491 1685 3542; x_wconf 87' lang='lat' dir='ltr'>aethere</span> <span class='ocrx_word' id='word_1_262' title='bbox 1721 3491 1886 3557; x_wconf 87' lang='lat' dir='ltr'>digna</span> 
     </span>
     <span class='ocr_line' id='line_1_40' title="bbox 304 3574 2082 3644; baseline 0.004 -21"><span class='ocrx_word' id='word_1_263' title='bbox 304 3575 629 3639; x_wconf 87' lang='lat' dir='ltr'>Progenies?</span> <span class='ocrx_word' id='word_1_264' title='bbox 668 3574 796 3641; x_wconf 91' lang='lat' dir='ltr'>quid</span> <span class='ocrx_word' id='word_1_265' title='bbox 838 3576 1015 3627; x_wconf 91' lang='lat' dir='ltr'>adhuc</span> <span class='ocrx_word' id='word_1_266' title='bbox 1054 3577 1291 3643; x_wconf 88' lang='lat' dir='ltr'>trepidas</span> <span class='ocrx_word' id='word_1_267' title='bbox 1328 3579 1638 3629; x_wconf 90' lang='lat' dir='ltr'>Abraame?</span> <span class='ocrx_word' id='word_1_268' title='bbox 1678 3579 1809 3644; x_wconf 90' lang='lat' dir='ltr'>quid</span> <span class='ocrx_word' id='word_1_269' title='bbox 1847 3580 2033 3631; x_wconf 88' lang='lat' dir='ltr'>haeres</span> <span class='ocrx_word' id='word_1_270' title='bbox 2058 3582 2082 3631; x_wconf 88' lang='lat'>?</span> 
     </span>
     <span class='ocr_line' id='line_1_41' title="bbox 302 3663 1649 3731; baseline 0.004 -20"><span class='ocrx_word' id='word_1_271' title='bbox 302 3663 446 3727; x_wconf 88' lang='lat' dir='ltr'>Quid</span> <span class='ocrx_word' id='word_1_272' title='bbox 485 3673 592 3712; x_wconf 91' lang='lat' dir='ltr'>tam</span> <span class='ocrx_word' id='word_1_273' title='bbox 634 3663 769 3714; x_wconf 87' lang='lat' dir='ltr'>felici</span> <span class='ocrx_word' id='word_1_274' title='bbox 810 3664 1023 3715; x_wconf 83' lang='lat' dir='ltr'>fraudas</span> <span class='ocrx_word' id='word_1_275' title='bbox 1064 3676 1154 3716; x_wconf 90' lang='lat' dir='ltr'>tua</span> <span class='ocrx_word' id='word_1_276' title='bbox 1191 3666 1419 3731; x_wconf 85' lang='lat' dir='ltr'>pignora</span> <span class='ocrx_word' id='word_1_277' title='bbox 1463 3668 1649 3718; x_wconf 89' lang='lat' dir='ltr'>sorte?</span> 
     </span>
    </p>
   </div>
  </div>
 </body>
</html>
