2508 3978
1063 125 1298 176 ...⁶7-

230 245 591 312 Cornipedum
629 243 827 296 crebris
865 252 1116 295 resonant
1151 242 1442 293 hinnitibus
1480 258 1640 293 aurae

228 333 466 384 Vallibus
506 334 559 383 in
597 332 786 385 mediis
824 341 878 384 et
915 331 1354 399 quadrupedante
1393 331 1620 381 tumultu

229 422 460 473 Auditur
497 423 657 487 longe
695 420 961 487 strepitus,
1001 419 1306 486 clamorque
1344 419 1597 470 virorum.

230 511 434 562 Sublati
474 510 684 577 quoties
722 519 873 560 aestu
912 507 1150 575 rapiente
1188 525 1415 574 vapores

229 601 355 651 Alta
393 609 596 665 petunt,
637 599 897 664 piceoque
936 606 1126 662 tegunt
1163 597 1423 648 velamine
1462 596 1686 656 coelum,

232 690 300 739 Et
338 705 475 739 nova
515 696 819 753 tempestas,
858 685 1157 752 clausisque
1195 684 1437 736 sonantia
1473 684 1643 751 ventis

230 776 428 827 Nubila
464 793 560 842 per
597 775 729 826 coeli
770 784 970 838 tractus
1008 775 1295 825 volvuntur
1331 783 1562 839 apert08‚

234 864 438 930 Rugitu
476 863 677 929 ingenti
717 880 970 914 resonans
1008 863 1155 913 volat
1192 870 1313 912 aere
1350 862 1559 928 grando

235 952 391 1003 Pulsa
430 953 592 1012 Noto,
635 952 886 1012 Boreave,
929 960 1162 1002 tremunt
1199 968 1320 1001 cum
1359 950 1581 1016 rupibus
1619 951 1803 1019 Alpes,

233 1042 384 1091 Tunc
422 1041 586 1092 fracta
624 1041 668 1090 si
708 1041 848 1091 nube
884 1040 1065 1106 fragor
1101 1039 1244 1090 subit
1281 1039 1388 1090 ima
1427 1040 1720 1105 profundae

234 1129 400 1180 Vallis
439 1140 492 1180 et
529 1130 759 1195 impulsu
796 1146 1073 1191 nemorum
1112 1139 1167 1179 et
1204 1129 1405 1194 telluris
1443 1146 1642 1195 opacae

235 1218 484 1284 Undique
521 1235 866 1284 comprensus
902 1217 1040 1283 fugit
1077 1227 1237 1283 atque
1275 1217 1548 1282 repellitur
1585 1225 1690 1277 aer,

236 1307 380 1358 Aerii
422 1316 630 1358 montes
667 1307 914 1367 clamant,
955 1323 1260 1373 magnoque
1305 1307 1470 1357 boatu

235 1398 405 1446 Antra
442 1406 649 1456 sonant,
690 1395 938 1461 Stygium
978 1395 1126 1446 dicas
1165 1395 1372 1461 mugire
1410 1395 1736 1446 barathrum.

238 1485 473 1535 Horrida
510 1502 606 1550 per
643 1501 862 1550 campos
901 1484 1087 1550 procul
1124 1485 1373 1538 exaudita
1412 1493 1665 1549 paventes

238 1574 416 1624 Corda
453 1574 572 1623 ferit
610 1573 792 1639 gladio
831 1583 1037 1639 strages
1076 1574 1308 1624 humana
1346 1572 1552 1623 timore.

238 1663 369 1712 Tela
405 1672 611 1723 sonant,
650 1662 814 1728 longo
853 1662 1159 1727 populatrix
1195 1661 1411 1728 agmine
1450 1663 1604 1712 turba

243 1751 369 1811 Ore,
411 1768 586 1810 manu,
628 1749 843 1816 teloque
882 1749 1075 1810 minax,
1116 1750 1492 1816 sitibundaque
1530 1750 1699 1801 nostri

240 1839 525 1905 Sanguinis
560 1838 825 1904 irrumpit,
863 1839 1146 1904 scopulosa
1185 1839 1447 1890 Ceraunia
1484 1840 1686 1906 lugent.

241 1927 387 1977 Silva
423 1937 576 1977 vetus
617 1926 848 1978 Dodona
885 1927 1052 1988 timet,
1092 1944 1344 1994 gemuere
1383 1927 1607 1978 Molossi
1714 1992 1717 1995 Α

246 2017 391 2066 Rura
428 2016 544 2076 soli,
585 2015 764 2073 tremit
800 2015 974 2066 omnis
1011 2033 1162 2083 ager:
1205 2026 1364 2082 pavet
1401 2016 1570 2067 Adria
1607 2018 1816 2083 pondus

243 2104 439 2156 Classis
477 2115 530 2155 et
567 2104 859 2155 adductum
898 2105 1182 2170 peregrino
1221 2105 1422 2171 remige
1462 2106 1718 2158 Martem:

244 2195 413 2244 Trans
452 2210 613 2254 mare,
654 2202 799 2244 trans
839 2194 1018 2254 Indos,
1061 2195 1481 2261 Nabathaeaque
1519 2212 1685 2262 regna
1723 2197 1983 2246 nefandae

246 2282 432 2332 Gentis
471 2281 524 2331 in
563 2281 814 2331 auxilium
853 2282 1012 2333 rutilo
1051 2283 1198 2333 volat
1236 2284 1409 2334 Eurus
1446 2284 1515 2334 ab
1554 2293 1675 2334 ortu

248 2370 481 2435 Impiger
520 2379 574 2420 et
611 2370 794 2420 firmae
832 2380 1012 2436 captat
1050 2371 1155 2421 iam
1195 2371 1376 2422 littora
1414 2382 1601 2423 terrae.

248 2458 452 2510 Butrot‘i
491 2459 596 2509 iam
635 2458 845 2513 culmen
883 2460 1059 2519 habet,
1099 2477 1440 2526 summasque
1478 2477 1573 2526 per
1612 2477 1759 2512 arces

247 2547 529 2612 Dyrrachii
567 2547 794 2598 stridens
831 2548 1083 2598 frondosa
1121 2549 1396 2599 cacumina
1434 2560 1633 2600 curvat.

246 2637 484 2703 Velaque
522 2636 626 2686 iam
666 2636 895 2696 sinuanS,
937 2653 1138 2702 proraS,
1178 2647 1463 2704 aerataque
1501 2648 1673 2689 rostra

247 2725 419 2775 Vertit
457 2725 509 2774 in
550 2725 772 2783 Italiam,
815 2725 937 2775 salit
974 2743 1176 2791 aequor
1214 2736 1267 2776 et
1305 2727 1447 2777 unda
1487 2727 1691 2778 carinas

248 2813 540 2864 Ausoniam
579 2830 763 2864 versus
800 2814 994 2865 sensim
1034 2814 1174 2865 levat
1213 2825 1374 2880 atque
1412 2817 1702 2867 secundum

250 2901 491 2968 Spondet
520 2901 643 2963 iter,
682 2903 1005 2969 culpansque
1044 2921 1219 2954 moras
1260 2904 1529 2969 Neptunia
1568 2905 1730 2956 Doris

253 2992 352 3040 Per
389 2999 597 3040 noctem
638 2991 706 3040 ad
745 3000 931 3041 nautas
970 2991 1042 3041 ita
1080 2992 1275 3042 circum
1315 2992 1493 3043 littora
1532 2993 1752 3047 clamat:

419 3079 609 3143 (Doris
647 3080 888 3130 hortatur
935 3081 988 3130 T
982 3098 1134 3130 urcas
1172 3083 1246 3152 αιζ
1278 3082 1491 3133 Italiam
1529 3084 1987 3148 expugnandam).

402 3168 684 3236 Tempora,
726 3168 1070 3235 Martigenae,
1111 3170 1240 3235 quid
1281 3169 1471 3221 idonea
1509 3171 1774 3236 perditis?
1811 3171 1915 3223 ite:

255 3257 333 3306 Ite
370 3257 506 3305 lares
545 3256 708 3306 Italos
747 3267 801 3307 et
837 3257 1177 3308 fundamenta
1216 3259 1475 3309 malorum

255 3344 543 3394 Romuleas
581 3360 727 3393 arces
766 3354 819 3394 et
861 3345 1188 3396 Pontificalia
1227 3356 1382 3406 tecta,

255 3432 548 3483 Colluviem
589 3432 862 3493 scelerum,
903 3442 1156 3485 temerate
1194 3435 1492 3486 faventibus
1532 3435 1707 3487 auris:

257 3521 336 3571 Ite
373 3520 479 3581 citi,
521 3522 735 3586 quando
774 3531 916 3572 astra
954 3534 1162 3584 vocant,
1202 3525 1417 3590 quando
1454 3525 1632 3576 omnia
1659 3526 1917 3576 mandant

259 3608 505 3669 Numina,
546 3609 836 3660 flammanti
876 3611 1091 3667 Mavors
1129 3612 1259 3677 quid
1298 3611 1500 3677 cogitet
1544 3630 1635 3663 ore

259 3695 486 3756 Cernite,
527 3696 739 3748 Saturni
777 3698 934 3749 facies
972 3698 1172 3750 insensa
1211 3699 1413 3750 Latinis
