2508 3978
1073 138 1306 179 ‚29-

234 247 451 314 Clangit
487 256 542 297 et
579 246 779 312 ingenti
818 255 997 296 movet
1034 245 1332 297 internodia
1370 262 1547 310 passu.
1582 282 1585 285 -

241 335 609 401 Paulatimque
646 334 787 385 viam
826 350 1085 400 suspenso
1123 342 1340 399 gutture
1378 334 1563 399 carpit.

243 424 379 476 Cum
417 423 645 474 bellator
679 440 848 488 equus
890 422 1091 473 domini
1131 422 1397 472 fraenatus
1436 422 1656 473 habenis
1724 447 1727 449 Α

238 513 530 563 Ostentans
568 520 752 577 pectus
789 511 954 561 latum
979 509 1199 561 *cervice
1237 510 1337 560 sub
1377 510 1500 570 alta,

242 601 376 652 Cum
417 601 680 666 glomerat
716 598 900 649 bibulo
937 598 1109 649 lentos
1147 599 1202 649 in
1240 598 1458 664 pulvere
1495 615 1727 664 gressuS,

237 690 394 739 Nunc
434 689 549 748 hac,
590 704 728 738 nunc
766 687 885 737 illac
923 687 1108 738 oculos
1145 696 1200 738 et
1239 686 1375 737 colla
1421 696 1732 753 retorquens

241 777 482 843 Spectari
523 776 738 842 gaudet,
778 775 1116 841 Libycosque
1153 792 1382 841 aequare
1418 776 1600 826 leones

235 865 466 926 Viribus,
507 864 810 914 Albanosve
847 881 1004 914 canes
1041 864 1171 914 dum
1209 881 1268 914 se
1304 874 1472 929 putat,
1513 882 1667 915 auras

236 953 456 1019 Colligit
491 962 545 1003 et
582 952 702 1003 latis
740 952 978 1003 imitatur
1013 951 1227 1002 naribus
1267 953 1505 1004 Eurum:

243 1043 366 1092 Non
405 1058 555 1092 secus
594 1041 725 1091 haec
762 1039 935 1091 rabies
972 1050 1196 1091 ventoso
1235 1040 1467 1091 inflatior
1502 1051 1635 1102 utre,

239 1131 378 1183 Cum
417 1130 662 1196 graditur
696 1129 910 1180 vibrans
949 1129 1165 1180 alternis
1203 1130 1436 1180 motibus
1473 1147 1651 1181 armos

237 1220 423 1270 Ardua
461 1219 700 1270 sublatae
736 1218 1038 1269 circumfert
1074 1218 1275 1268 lumina
1313 1218 1515 1279 frontIS,

235 1309 496 1374 Vanaque
533 1307 739 1373 proceri
778 1307 1000 1357 miratur
1035 1307 1275 1372 corporis
1314 1307 1574 1369 umbram,

242 1397 313 1447 Et
351 1396 524 1447 tacitis
561 1396 753 1446 ardens
791 1395 931 1446 curis
969 1395 1216 1446 sublimia
1241 1413 1453 1461 semper

238 1486 418 1535 Mente
457 1484 641 1550 agitat,
683 1483 999 1550 tumidoque
1036 1485 1186 1535 sedet
1224 1485 1324 1535 sub
1361 1485 1525 1536 corde
1561 1502 1840 1538 venenum.

234 1573 606 1639 Contemptrix
644 1573 880 1639 inopum,
919 1574 1098 1623 vultus
1137 1573 1275 1624 elata
1313 1590 1543 1635 severo&

234 1662 535 1728 Inflatoque
570 1671 751 1712 rotans
790 1661 1057 1727 turgentia
1093 1671 1308 1727 gutture
1344 1662 1523 1723 verba,

241 1752 403 1802 Ferre
441 1750 625 1816 nequit
663 1750 804 1816 iuga,
846 1749 1101 1800 maiorem
1140 1750 1433 1816 indignata,
1473 1768 1777 1817 paremque,

241 1840 471 1906 Imperia
510 1849 745 1904 usurpat,
766 1839 1024 1905 regnique
1061 1838 1280 1890 libidine
1317 1839 1499 1890 fervet.

242 1929 615 1993 Immansueta,
653 1929 816 1988 ferox,
858 1928 1065 1979 miseris
1101 1928 1342 1988 adversa,
1384 1928 1666 1996 minaxque

234 2017 472 2077 Mitibus,
513 2017 664 2067 elatis
702 2016 981 2076 contraria,
1022 2017 1199 2068 nescia
1236 2017 1398 2082 paciS,

239 2106 432 2156 Nescia
468 2105 748 2166 amicitiae,
788 2106 1020 2156 rixarum
1059 2115 1113 2156 et
1150 2105 1267 2156 litis.
1296 2106 1467 2172 origo,

237 2195 410 2254 Dura,
450 2195 675 2260 ingrata,
715 2194 912 2260 duplex
950 2194 1147 2254 animo,
1185 2194 1434 2255 violenta,
1476 2195 1700 2254 rebelliS,

239 2284 507 2348 Improba,
548 2283 679 2348 quid
717 2283 902 2348 pietaS,
945 2283 1073 2349 quid
1112 2283 1181 2334 sit
1219 2283 1514 2344 clementia,
1554 2284 1736 2334 nescit.

246 2371 467 2431 Perfida,
506 2371 853 2437 foedifragam
893 2371 1058 2422 dubio
1097 2373 1197 2422 sub
1234 2381 1450 2437 pectore
1488 2382 1718 2423 mentem

235 2460 442 2520 Versat,
489 2460 556 2511 ab
595 2461 804 2511 excelso
841 2461 1096 2526 fugientia
1135 2460 1363 2511 culmine
1382 2477 1593 2526 semper

233 2549 378 2598 Saxa
418 2557 612 2609 movet,
652 2548 870 2598 laudum
909 2566 1120 2614 semper
1157 2557 1352 2600 vesana
1388 2549 1555 2600 libido

234 2636 533 2698 Sollicitum
572 2646 758 2702 pectus
796 2637 936 2688 curis
974 2638 1367 2689 flammantibus
1406 2647 1577 2703 urget.

235 2726 351 2776 Nec
390 2726 531 2776 vitae
569 2726 720 2787 ratio,
761 2743 857 2777 nec
896 2740 1077 2792 opum,
1118 2743 1214 2777 nec
1252 2727 1484 2787 honori5‚
1525 2726 1578 2777 in
1617 2744 1776 2779 omne

236 2813 446 2878 Sponte
483 2814 654 2864 scelus
691 2831 945 2880 praeceps
984 2815 1087 2865 ruit
1124 2814 1458 2880 implacabile
1497 2826 1809 2869 monstrum.

585 2902 766 2969 (Quae
795 2909 898 2967 per
932 2903 1246 2968 Superbiam
1284 2906 1559 2954 commissa
1595 2906 1757 2966 sunt).

394 2991 543 3041 Haec
581 2991 855 3042 hominum
895 3008 1143 3057 suprema
1180 2992 1308 3052 lueS,
1349 2993 1594 3050 immane,
1635 2994 1912 3060 ferumque

234 3078 487 3130 Thraicio
526 3079 725 3130 facinus
765 3080 939 3145 potuit
975 3080 1197 3131 suadere
1235 3090 1476 3146 tyrannO,

238 3168 414 3233 Asper
450 3177 509 3218 ut
547 3168 810 3219 horrenda
847 3169 1120 3219 cumulans
1158 3169 1434 3235 praesepia
1471 3170 1633 3220 caede

235 3255 542 3306 Semineces
579 3266 725 3308 artus
762 3256 1055 3317 hominum,
1096 3257 1458 3323 fumantiaque
1494 3268 1614 3309 exta

240 3344 481 3395 Intulerit
518 3344 738 3395 stabulis
775 3356 829 3396 et
865 3346 1016 3412 equis
1054 3346 1317 3411 epulanda
1354 3346 1588 3397 virorum

242 3432 501 3498 Corpora,
541 3450 679 3499 quae
715 3433 893 3484 infami
933 3435 1182 3500 hospitio,
1222 3436 1527 3501 laribusque
1564 3436 1798 3501 profanis

237 3520 496 3571 Occultus
533 3538 719 3586 pacem
758 3521 1011 3573 simulans
1049 3523 1338 3574 admiserat
1374 3524 1563 3576 hostis·

233 3609 287 3659 O
332 3609 520 3669 scelus,
561 3626 595 3660 o
633 3609 749 3660 dira
786 3609 987 3660 invisae
1023 3612 1325 3676 spectacula
1363 3611 1589 3663 fraudis!

238 3697 552 3748 Luminibus
590 3698 755 3749 torvis
794 3698 1004 3764 quoties
1042 3699 1215 3764 capita
1255 3699 1362 3750 alta
1407 3700 1654 3750 levabant
