2508 3978
1010 129 1244 169 ..75-

763 238 991 303 (Culpae
1028 239 1169 290 cleri.
1219 237 1300 298 Cf.
1334 241 1390 299 p.
1433 232 1533 298 6)..

329 327 438 377 Ista
478 336 693 377 movent
731 326 997 391 Superos.-
1023 333 1180 375 vocat
1218 324 1321 374 hoc
1357 323 1528 374 scelus
1566 322 1779 373 aethere
1817 322 1884 372 ab
1923 322 2029 372 alto

180 416 342 476 Bella,
382 416 573 466 famem
612 425 666 465 et
703 414 804 465 diri
843 429 1012 480 genus
1049 411 1401 478 insuperabile
1439 411 1627 462 morbi.

182 505 306 556 Heu
343 514 541 556 sortem
581 503 762 570 gregis
800 502 1095 561 adversam,
1135 501 1389 566 sidusque
1428 499 1748 566 malignum,-

180 595 362 660 Quum
400 592 623 644 custode
659 600 818 652 caret,
859 607 981 642 cum
1018 591 1187 641 fracto
1223 589 1421 640 vimine
1458 605 1610 654 sepes

185 684 489 734 Nocturnos
527 682 675 732 aditu
714 681 855 731 sures
894 679 1129 730 admittit
1167 688 1369 744 apert0,

185 771 500 822 Praesertim
540 787 664 820 cum
701 768 817 819 dira
854 769 1028 837 fames-A
1057 767 1232 818 ieiuna
1270 767 1517 832 luporum

181 859 438 910 Intestina
476 857 684 924 premit,
726 857 1005 922 rabidique
1042 854 1271 921 mapalia
1308 855 1551 907 lustrant.

184 948 389 999 Praeda
426 964 625 1007 sumuS,
665 947 832 997 fracto
870 945 1088 996 ferimur
1125 954 1337 995 temone
1376 960 1471 1008 per
1508 941 1692 1002 altum,

182 1037 305 1102 Qua
344 1036 467 1087 furit
506 1035 761 1086 Oebaliae
801 1033 1079 1084 violentior
1117 1032 1195 1083 ira
1234 1032 1456 1084 Maleae.

190 1126 344 1175 Nunc
381 1125 519 1174 vada
556 1123 796 1174 latrantis
835 1121 1045 1187 scyllae,
1086 1138 1225 1171 nunc
1263 1137 1358 1171 ora
1395 1119 1640 1184 carybdis

186 1213 445 1264 Radimus
483 1223 537 1263 et
578 1213 806 1277 Libycas
843 1211 1032 1277 rapido
1069 1227 1209 1260 nunc
1245 1208 1494 1274 aequoris
1530 1217 1696 1258 aestu

186 1301 438 1353 Pellimur
475 1301 529 1352 in
568 1300 757 1367 SyrtiS,
798 1317 936 1350 nunc
974 1317 1069 1365 per
1106 1308 1199 1349 tua
1236 1315 1364 1348 saxa
1403 1297 1701 1362 Caphareu.
1770 1328 1775 1330 ἡ

187 1392 346 1442 Pulsa
383 1391 498 1441 dies
537 1390 783 1450 tenebris*‚
824 1390 990 1440 nubes
1029 1387 1456 1454 Erymanthidon
1495 1402 1670 1436 ursam

183 1480 436 1540 Abstulit,
477 1479 729 1530 indicium
768 1479 902 1530 coeli
942 1479 1196 1543 Magneta
1231 1475 1444 1527 latentis

188 1569 538 1628 PerdidimuS‚
578 1577 749 1619 tumet
786 1568 839 1617 in
879 1577 1088 1618 montes
1127 1575 1180 1616 et
1217 1566 1368 1631 lapsa
1405 1563 1638 1629 remugit

187 1657 365 1718 Doris,
407 1657 612 1707 arenosi
652 1656 847 1707 saliunt
884 1656 955 1706 ad
993 1655 1185 1721 sydera
1222 1655 1429 1713 fluctus,

185 1746 567 1812 Adversaeque
603 1746 759 1796 undis
799 1744 990 1805 undae,
1030 1743 1325 1795 contrarius
1363 1743 1511 1792 Euro

184 1837 228 1886 F
230 1836 306 1886 lat
344 1836 635 1902 Zephyrus,
678 1835 875 1885 Boreas
913 1835 1131 1893 Austr0,
1171 1832 1426 1882 subversa
1464 1829 1745 1881 dehiscunt

187 1926 440 1990 Aequora
478 1934 532 1974 et
570 1924 706 1974 inter
742 1940 801 1974 se
838 1922 1042 1988 spumis
1080 1921 1310 1972 albentia
1348 1929 1605 1986 pugnant.

186 2013 358 2064 Vicini
398 2013 666 2079 trepidant
703 2012 834 2078 agri,
875 2011 1084 2077 pulsata
1122 2010 1411 2061 reclamant

189 2102 410 2163 Littera,
450 2102 643 2168 vixque
682 2103 912 2162 obstant,
952 2100 1136 2151 collisa
1174 2099 1457 2150 rebellibus
1495 2098 1668 2153 undis.

188 2192 276 2242 Ah
317 2192 540 2243 miserae
577 2209 716 2257 quae
753 2208 893 2241 nunc
931 2191 1068 2240 inter
1106 2189 1367 2240 cunabula
1406 2198 1602 2239 matres

190 2282 418 2332 Parvula
455 2297 642 2331 securo
681 2279 892 2330 nutritis
929 2279 1157 2345 pignora
1195 2278 1360 2328 lacte!

190 2372 340 2436 Quot
381 2369 545 2434 tepidi
585 2377 864 2434 erumpent
901 2368 1069 2419 oculis
1109 2367 1444 2432 turgentibus
1483 2365 1696 2425 imbreS‚

191 2460 342 2525 Quot
380 2457 719 2524 gemebunda
755 2466 962 2522 premet
998 2456 1166 2507 sessus
1203 2455 1427 2521 suspiria
1468 2454 1669 2520 pulmo.

193 2548 399 2597 Maesta
436 2555 570 2611 quot
608 2545 845 2595 attractis
883 2544 1074 2595 salient
1111 2543 1433 2609 singultibus
1470 2559 1582 2601 ora,

193 2637 374 2701 Quum
413 2634 596 2700 tepido
636 2634 817 2684 dulces
854 2633 1126 2699 rapientur
1164 2632 1232 2682 ab
1271 2632 1434 2682 ubere
1470 2630 1596 2690 nati,

195 2727 371 2791 Atque
410 2723 536 2774 viris
575 2723 694 2789 ipso
732 2723 898 2773 caesis
938 2723 990 2772 in
1028 2722 1208 2772 limine
1246 2730 1474 2772 vestrae*

195 2813 525 2879 Diripientur
561 2815 709 2879 opes',
749 2812 945 2877 sparsis
983 2829 1104 2862 cum
1145 2810 1376 2861 crinibus
1413 2809 1561 2875 ipsae

194 2903 397 2954 Praeda
435 2901 597 2962 eritis,
639 2901 882 2953 manibus
918 2901 1109 2952 vinctis
1148 2899 1341 2951 hostile
1379 2915 1475 2965 per
1512 2914 1705 2964 agmen

194 2992 360 3053 Ibitis,
381 2991 629 3043 ‘attonito
668 2999 934 3056 prostrata
971 2991 1231 3041 cadavera
1268 3005 1455 3055 gressu

192 3081 489 3141 Calcantes,
529 3080 835 3146 lacerasque
873 3096 1055 3131 comas
1095 3089 1255 3145 atque
1293 3094 1387 3129 ora
1426 3085 1641 3128 cruenta

194 3171 505 3222 Vestrorum
544 3186 638 3220 seu
677 3179 940 3230 natorum,
980 3180 1074 3219 seu
1113 3169 1248 3219 sorte
1285 3175 1581 3233 parentum,

195 3261 375 3326 Atque
414 3258 505 3324 pio
542 3258 648 3309 late
686 3267 994 3324 stagnantes
1031 3257 1290 3323 sanguine
1328 3255 1574 3321 campos!

704 3348 873 3412 (Orat
908 3347 1086 3397 Deum
1118 3353 1221 3409 pro
1258 3344 1587 3408 insontibus).

347 3437 569 3488 Summe
609 3436 782 3496 Pater,
821 3435 956 3487 coeli
995 3435 1183 3487 saltem
1223 3433 1307 3485 cui
1348 3431 1495 3498 regia
1533 3439 1700 3496 paret,

197 3525 477 3591 Singultus
515 3524 640 3575 audi
680 3524 931 3583 insonteS,
971 3524 1205 3589 fletuque
1242 3522 1453 3587 piorum

198 3614 469 3663 Flectere:
511 3612 752 3663 crudeles
790 3610 973 3676 gladii,
1013 3609 1406 3675 saturandaque
1443 3607 1606 3658 caede

197 3699 413 3766 Spicula
451 3700 710 3765 primores
750 3698 951 3765 populi,
993 3698 1295 3763 frontesque
1333 3695 1603 3760 superbaS,
