2508 3978
1164 108 1397 148 „90-

332 212 638 277 Suspiciens
677 229 853 264 arcem
895 214 1112 263 mundi:
1156 215 1494 280 cognoscite,
1536 216 1684 275 dixit,

333 301 627 351 Aethereos
666 301 816 366 ignes
855 311 909 352 et
948 319 1053 352 non
1093 303 1339 354 mortalia
1384 303 1562 369 magni

332 389 558 452 Templa
599 389 787 450 Patris,
828 391 1104 457 sanctique
1142 391 1317 457 operis
1357 393 1689 443 sanctissima
1727 393 1894 459 signa,

334 477 714 545 Artificemque
754 478 946 540 Deum,
987 478 1078 546 qui
1118 479 1290 530 sidera
1330 482 1498 532 calcat
1534 492 1588 532 et
1616 480 1796 548 >ipsam

332 567 641 617 Grandibus
681 567 904 618 infusam
944 569 1212 630 membriS,
1253 570 1559 635 cognoscite
1598 581 1857 621 mentem:

335 655 452 704 Neu
490 655 646 706 sinite
683 666 924 708 aeternos
963 656 1167 707 animos
1205 675 1504 709 assuescere
1543 669 1729 720 terrae,

335 744 653 810 Laetarique
690 745 802 795 luto
840 755 894 796 et
930 746 1087 795 rebus
1126 746 1360 811 gaudere
1396 747 1627 798 caducis.

333 832 500 894 Terra,
536 833 687 897 perit,
729 843 952 898 pereunt
991 835 1180 894 undae,
1221 835 1490 886 mutabilis
1528 844 1633 895 aer,

338 921 608 971 Intereunt
648 922 813 986 igne5‚
852 939 1063 988 semper
1101 923 1340 974 durabile
1379 924 1585 975 coelum

336 1011 616 1061 Permanet
654 1021 709 1061 et
747 1012 941 1062 nostris
981 1012 1170 1062 animis
1209 1012 1509 1064 habitacula
1547 1025 1739 1064 servat.

338 1098 424 1148 Ob
464 1099 661 1149 scelera
699 1109 753 1149 et
791 1100 974 1165 culpas
1014 1100 1305 1160 hominum,
1348 1101 1584 1167 ritusque
1622 1103 1876 1153 nefandos

336 1187 506 1252 Impia
545 1187 741 1239 diffuso
780 1188 1052 1253 perierunt
1089 1191 1298 1240 saecula
1340 1190 1544 1240 Ponto:

342 1276 429 1326 Ob
473 1276 673 1326 scelera
713 1286 767 1326 et
804 1277 987 1342 culpas
1027 1278 1318 1338 hominum,
1362 1278 1599 1344 ritusque
1637 1281 1900 1331 nefandos

336 1365 396 1413 In
439 1364 640 1415 cineres
680 1365 778 1415 ibit
816 1366 986 1426 telluS,
1030 1376 1350 1433 tenuemque
1389 1367 1654 1419 favillam:

339 1455 397 1502 In
440 1470 661 1518 superos
701 1464 871 1505 estote
909 1455 999 1521 pii,
1041 1456 1169 1506 satis
1208 1457 1385 1522 ampla
1425 1457 1601 1508 feretis

341 1543 505 1592 Sacra
546 1543 680 1602 De0,
723 1544 1040 1611 templisque
1079 1562 1204 1596 suos
1243 1545 1478 1596 reddetis
1517 1546 1763 1606 honoreS,

338 1631 517 1696 Quum
560 1631 672 1683 sine
712 1635 870 1684 sorde
909 1651 1093 1699 preces
1131 1645 1185 1684 et
1223 1635 1341 1685 labe
1380 1635 1612 1686 carentia
1651 1646 1777 1686 vota

339 1720 546 1771 Offeret
585 1721 837 1772 intactum
876 1723 1096 1773 maculis
1134 1734 1188 1774 et
1225 1725 1444 1775 crimine
1483 1735 1684 1790 pectus,

339 1809 617 1870 Iustitiam,
660 1828 940 1877 moresque
979 1812 1097 1877 pios
1136 1813 1336 1874 offerte,
1378 1813 1517 1864 litari

337 1899 437 1949 His
477 1899 575 1949 sibi
616 1901 731 1951 vult
771 1902 941 1961 Pater,
983 1902 1232 1953 infractus
1270 1903 1394 1953 lieet
1432 1903 1596 1954 irruat
1634 1903 1805 1954 orbis:

339 1987 592 2050 Virtutes,
636 1989 904 2056 animique
944 2002 1173 2052 manent,
1215 1993 1488 2043 benefacta
1526 2003 1809 2058 supersunt

334 2078 561 2142 Semper
601 2087 655 2128 et
693 2079 911 2130 arbitrio
953 2081 1100 2131 Deus
1140 2081 1318 2132 omnia
1357 2081 1556 2132 iudicat
1601 2099 1788 2147 aequo.

337 2166 512 2216 Vivite
549 2167 805 2218 virtutum
846 2186 1124 2229 memoreS‚
1166 2170 1448 2221 virtutibus
1486 2170 1668 2221 aether

335 2254 622 2305 Scanditur
661 2266 714 2306 et
753 2274 1004 2318 summos,
1046 2276 1182 2324 quos
1221 2257 1449 2318 cernitis,
1491 2259 1596 2309 itur
1634 2259 1704 2309 ad
1742 2259 1913 2309 orbes.

340 2344 488 2393 Haec
528 2345 741 2409 populis
780 2357 1062 2411 praecepta
1102 2348 1272 2398 ferens
1310 2349 1578 2398 Abramus
1619 2347 1838 2412 Olympi

338 2432 605 2498 Explicuit
643 2451 826 2484 cursus
865 2452 1065 2496 omnes,
1107 2436 1422 2503 bissenaque
1461 2437 1629 2503 signa,

334 2522 490 2587 Quae
529 2523 734 2573 variant
773 2523 997 2574 nitidum
1038 2525 1229 2575 stellati
1270 2524 1450 2576 limitis
1489 2528 1690 2585 orbem,

338 2612 656 2677 Innixasque
694 2612 838 2663 fretis
878 2609 1067 2674 terras,
1101 2625 1430 2681 pontumque
1469 2616 1635 2665 teneri

335 2701 494 2757 Aere,
536 2700 789 2751 sublimes
829 2702 950 2751 ferri
989 2702 1187 2752 circum
1228 2711 1350 2753 aera
1387 2703 1643 2761 flammas,
1694 2706 1697 2707 ⁷

339 2789 498 2838 Astra
539 2789 689 2854 ignes
727 2790 923 2840 circum
965 2808 1124 2857 super
1162 2792 1329 2842 ardua
1367 2792 1595 2842 culmina
1633 2791 1814 2842 mundi

339 2879 629 2928 Aeternum
670 2896 893 2946 regnare
935 2880 1161 2940 Patrem,
1200 2891 1576 2947 sceptrumque
1615 2891 1807 2932 tenere.

341 2967 441 3016 His
482 2968 921 3032 superaddiderat
959 2969 1162 3035 prolem
1202 2979 1326 3036 post
1364 2971 1524 3036 longa
1563 2971 1791 3020 suturam

335 3055 622 3120 Tempora,
665 3074 800 3122 quae
840 3067 1059 3108 renovet
1098 3058 1302 3108 meliori
1326 3056 1552 3110 ‘saecula
1588 3058 1722 3124 lege.

341 3144 487 3193 Rura
526 3153 711 3208 petens
750 3144 939 3195 iterum
980 3147 1116 3210 proli
1157 3147 1419 3211 promissa
1458 3147 1678 3206 futurae,

340 3233 399 3281 In
441 3232 656 3296 primos,
697 3250 833 3298 quos
871 3245 992 3284 ante
1029 3235 1167 3284 fame
1205 3246 1474 3301 regnante,
1516 3245 1732 3301 penates

341 3322 590 3387 Fugerat,
632 3323 835 3388 argenti
875 3322 1111 3387 locuples
1150 3324 1405 3374 remeavit
1442 3334 1496 3375 et
1535 3324 1675 3375 auri:

342 3411 410 3460 Et
448 3428 566 3460 cum
607 3428 732 3476 rege
771 3412 872 3463 loci
911 3430 1163 3478 percusso
1201 3413 1414 3464 foedere
1452 3430 1693 3479 gressum

338 3500 476 3549 Cum
517 3511 761 3551 consorte
799 3501 955 3563 thori,
996 3519 1376 3568 servorumque
1414 3502 1627 3568 agmine
1673 3519 1868 3568 magno

340 3588 481 3638 Fixit
522 3599 575 3639 et
613 3590 862 3651 Assyrios
902 3591 1141 3656 implevit
1179 3591 1406 3641 ovilibus
1445 3608 1619 3657 agros„
