2508 3978
1171 119 1407 149 —10—

267 230 416 278 Mon.
449 231 570 281 ln‘st.
609 230 799 285 Carm„
833 245 885 292 p.
927 226 1036 277 483
1073 228 1167 291 (¹).
1208 227 1525 292 Magistrum
1564 227 1888 298 spiritualem
1929 228 2031 280 hoc
2069 238 2309 296 tempore

268 318 351 367 vel
379 328 564 383 postea
589 316 829 383 (forsitan
858 317 1108 365 Mantuae
1132 314 1186 365 in
1214 315 1516 377 Novitiatu)
1543 315 1727 366 habuit
1755 317 1813 366 B.
1842 318 2308 369 Bartholomaeum

268 405 438 465 Fami,
480 404 879 454 devotissimum
920 420 1049 468 erga
1088 403 1185 453 SS.
1227 402 1626 453 Sacramentum
1665 405 1760 469 (²).
1799 404 2112 456 Studiorum
2150 423 2308 457 causa

267 494 496 543 Romam
537 493 695 542 etiam
735 492 927 542 missus
964 500 1060 551 est,
1101 491 1209 540 ubi‘
1230 502 1547 557 perpetuum
1589 493 1917 544 Mecenatem
1963 494 2148 545 habuit
2187 495 2231 544 F
2233 496 2306 545 al-

261 598 450 632 conem
492 580 824 632 Sinibaldum
880 581 1154 630 Romanae
1193 580 1355 630 Urbis
1410 580 1701 640 Patritium,
1744 581 2043 647 Curiaeque
2080 583 2308 647 Aposto—

263 671 394 721 licae
449 671 895 722 protonotarium.
957 671 1017 719 In
1070 669 1341 735 Capitulo.
1371 670 1617 720 Generali
1658 671 1892 731 OrdiniS‚
1938 672 2105 722 Astae
2147 670 2304 732 1472,

262 759 362 808 iam
420 758 799 808 Baccalaureus
851 756 1266 807 extraordinarie
1304 756 1356 806 in
1397 757 1675 808 Conventu
1722 758 1992 809 Bononiae
2030 775 2128 823 pro
2167 775 2304 810 anno

259 846 498 913 sequenti
539 847 812 897 ordinatus
839 855 934 895 est.
978 845 1080 895 Die
1106 843 1177 894 24
1204 845 1404 911 Aprilis
1438 844 1577 895 1475
1616 845 1813 896 ibidem
1854 847 2149 912 Magisterii
2189 842 2303 914 gra-

261 935 387 985 dum
415 945 495 985 est
524 936 766 1000 adeptus.
797 933 1068 999 Quotidie,
1097 943 1156 984 ut
1179 933 1294 998 ipse
1319 934 1555 985 declarat
1579 935 1689 999 (De
1713 935 1989 992 Patientia,
2020 937 2116 996 111,
2138 953 2182 987 c.
2213 935 2303 1001 13)

256 1025 670 1074 concionabatur
710 1023 777 1073 ad
817 1023 1090 1088 populum,
1131 1039 1316 1072 verum
1356 1031 1409 1072 et
1434 1022 1654 1088 privatis
1680 1023 1927 1083 consiliiS,
1962 1025 2302 1090 paternisque

255 1111 706 1162 admonitionibus
747 1110 958 1170 nemini,
998 1110 1090 1176 qui
1129 1109 1241 1160 eius
1280 1126 1444 1175 opera
1495 1110 1773 1176 indigeret,
1814 1128 1919 1162 non
1959 1123 2170 1177 praesto
2208 1114 2300 1164 ad·

256 1201 371 1261 fuit,
413 1200 575 1266 idque
615 1210 759 1250 tanta
798 1216 892 1249 seu
930 1199 1234 1249 maturitate
1273 1199 1470 1259 iudicii,
1510 1217 1604 1249 seu
1643 1200 1840 1265 ingenii
1886 1201 2202 1252 dexteritate
2239 1219 2302 1252 ac

252 1290 503 1340 comitate
529 1289 803 1349 sermoniS,
831 1298 892 1338 ut
916 1287 1111 1353 dignus
1137 1287 1308 1346 fuerit,
1337 1286 1428 1352 qui
1455 1305 1487 1338 a
1508 1287 1776 1339 Casalensi
1798 1289 2054 1340 Antistite
2071 1290 2304 1355 Agneno

256 1378 451 1438 Maffei,
492 1377 574 1428 his
602 1378 809 1428 Sidonii
835 1374 1160 1443 Apollinaris
1196 1377 1374 1427 verbis
1419 1378 1822 1428 commendatus
1861 1378 1963 1428 sit:
1988 1395 2038 1427 .<‹
2068 1379 2303 1429 abundat

251 1467 412 1516 animi
453 1467 561 1517 sale
600 1482 763 1532 quum
803 1465 1110 1525 consulitur,
1151 1465 1308 1516 melle
1345 1481 1508 1530 quum
1548 1466 1776 1516 consulit
1801 1483 1855 1517 ›>.
1896 1468 1999 1517 Per
2034 1476 2201 1517 totam
2229 1467 2296 1516 vi·

250 1566 360 1605 tam
401 1556 587 1606 sedulo
627 1555 785 1605 etiam
825 1554 1064 1604 incubuit
1101 1554 1460 1604 reformationi
1490 1554 1709 1604 Ordinis
1747 1563 1801 1605 et
1839 1554 2107 1606 Ecclesiae
2131 1554 2224 1622 (3).

400 1646 524 1695 Non
552 1645 743 1694 mirum
771 1645 892 1694 ideo
930 1653 1026 1703 est,
1056 1644 1207 1709 quod·
1229 1643 1470 1708 plurimis
1508 1643 1694 1694 officiis
1720 1643 1773 1693 in
1801 1644 2005 1694 Ordine
2041 1661 2139 1694 suo
2178 1661 2294 1708 per·

245 1734 456 1783 functus
482 1734 567 1783 sit.
610 1732 733 1782 Fuit
761 1733 912 1783 Prior
938 1733 1189 1782 Mantuae
1215 1741 1268 1782 et
1295 1733 1500 1782 Romae
1527 1732 1582 1782 S.
1613 1731 1950 1798 Chrysogoni
1978 1741 2101 1797 post
2124 1732 2294 1797 ipsam

247 1821 486 1872 eiusdem
516 1821 772 1872 Coenobii
814 1820 1217 1886 acquisitionem
1251 1818 1433 1880 1486'3·
1458 1820 1662 1886 primus
1700 1820 1874 1871 extitit
1912 1821 2107 1872 Custos
2134 1821 2202 1873 O.
2226 1822 2292 1871 N.

246 1911 630 1961 Sacrosanctae
659 1911 987 1960 Lauretanae
1027 1910 1235 1960 Domus
1254 1906 1467 1975 (1489),
1497 1909 1666 1959 sexies
1693 1925 1791 1974 pro
1818 1909 2030 1960 biennio
2055 1910 2154 1960 suit
2190 1911 2293 1960 ele-

243 2010 360 2050 ctus
401 2000 642 2049 Vicarius
681 1998 956 2063 Generalis
1009 1998 1454 2064 Congregationis
1506 2015 1648 2058 suae,
1699 1999 1848 2048 annis
1900 2015 2091 2064 nempe
2136 1995 2292 2059 1483,

253 2087 409 2149 1489,
459 2086 615 2148 1495,
664 2086 822 2148 1501,
870 2086 1007 2137 1507
1049 2096 1103 2138 et
1142 2085 1286 2139 1513
1325 2089 1419 2153 (4),
1467 2088 1527 2136 ac
1579 2086 1794 2137 demum
1847 2087 2053 2137 Rornae
2102 2087 2292 2138 eodem

242 2195 383 2228 anno
430 2175 586 2237 1513,
615 2177 739 2227 licet
776 2177 981 2236 absenS‚
1008 2177 1118 2226 sere
1157 2175 1390 2225 unanimi
1422 2184 1551 2225 voto
1577 2175 1810 2240 (duobus
1838 2175 2053 2226 Polonis
2088 2185 2291 2226 tantum

241 2266 502 2341 exceptis)
545 2266 695 2316 Prior
734 2265 1009 2316 Generalis
1048 2265 1211 2315 totius
1250 2264 1469 2315 Ordinis
1508 2264 1911 2315 Carmelitarum
1941 2261 2034 2331 (5).
2075 2263 2291 2315 Ultimis

392 2516 450 2574 (¹)
484 2516 557 2559 Ex
586 2513 662 2558 his
693 2514 878 2567 litteris,
908 2515 1032 2558 sicut
1061 2527 1122 2556 ex
1151 2519 1254 2557 tota
1285 2514 1380 2556 vita
1411 2527 1497 2556 sua
1529 2514 1792 2557 luculenter
1823 2519 2040 2568 apparet,
2064 2515 2194 2568 quod
2226 2514 2288 2569 ab

238 2592 376 2635 initio
408 2590 619 2634 habebat
649 2590 867 2644 spiritum
899 2601 1013 2632 vere
1043 2588 1316 2643 religiosum
1348 2595 1397 2632 et
1426 2589 1572 2632 talem
1603 2589 1683 2644 qui
1716 2589 1921 2633 Sanctos
1952 2589 2190 2643 producit.

390 2666 449 2721 (²)
482 2666 535 2708 In
557 2664 780 2719 Capitulo
802 2662 1026 2707 Generali
1050 2662 1453 2716 congregationis
1484 2675 1600 2706 suae
1636 2664 1748 2715 1465
1779 2662 1874 2704 iam
1896 2662 2177 2716 designatus
2213 2669 2288 2706 est

237 2741 301 2782 ad
335 2739 619 2783 Orationem
651 2737 873 2792 Capitulo
903 2737 1122 2791 sequenti
1154 2735 1433 2779 habendam
1457 2734 1658 2791 (Vaghi).
1691 2737 1761 2778 Ita
1793 2735 1938 2779 etiarn
1968 2734 2171 2779 celebris
2202 2737 2286 2780 Pa-

238 2814 369 2867 gnini
408 2815 536 2865 1758,
570 2811 683 2855 licet
702 2811 890 2853 tantum
910 2809 1111 2853 clericus
1143 2809 1389 2864 professus
1410 2815 1459 2853 et
1481 2815 1622 2853 natus
1659 2821 1789 2862 1737,
1823 2809 2087 2853 orationem
2120 2809 2287 2853 habuit

237 2887 285 2929 in
317 2887 437 2940 Cap.
475 2885 697 2928 Generali
730 2885 949 2927 eiusdem
980 2883 1380 2937 Congregationis
1411 2889 1461 2926 et
1489 2883 1539 2926 in
1569 2882 1702 2926 Actis
1731 2883 1950 2926 additur:
1985 2882 2284 2927 Ciceroniana

230 2961 414 3016 phrasi.

390 3033 444 3091 (³)
479 3033 571 3078 Die
603 3033 831 3077 Omnium
862 3032 1150 3076 Sanctorum
1189 3034 1299 3085 1488
1328 3032 1377 3075 in
1412 3031 1626 3075 Ecclesia
1673 3032 1723 3077 S.
1757 3031 1879 3076 Petri
1914 3033 2111 3085 Romae,
2147 3045 2283 3086 prae·

235 3109 452 3151 sentibus
502 3107 630 3162 Papa
664 3107 945 3150 Innocentio
977 3106 1090 3149 VIII
1140 3111 1190 3148 et
1221 3104 1571 3158 CardinalibuS,
1610 3105 1950 3149 vehementem
1997 3105 2280 3150 Orationem

235 3182 403 3225 habuit
433 3183 495 3224 de
528 3180 868 3224 reformatione
899 3179 1148 3231 ecclesiae,
1179 3192 1307 3234 quae
1337 3185 1648 3223 conservatur
1678 3180 2002 3234 manuscripta
2031 3179 2079 3222 in
2107 3179 2281 3223 Biblio-

234 3255 374 3298 theca
412 3254 657 3297 Ferrariae
690 3253 871 3310 (Fondo
886 3252 1166 3307 Baruffaldi,
1199 3253 1237 3296 si
1262 3265 1357 3296 non
1381 3253 1531 3304 fallor,
1564 3259 1682 3298 tom.
1709 3256 1781 3305 26,
1805 3266 1851 3307 p.
1880 3253 1995 3308 174).
2028 3252 2124 3297 Cfr.
2159 3253 2278 3296 infra

235 3335 419 3372 textum
450 3340 511 3371 ex
541 3327 698 3371 Fastis
726 3340 812 3370 seu
842 3327 999 3371 Sacris
1027 3326 1212 3371 diebus:
1247 3328 1324 3371 De
1355 3327 1444 3371 SS.
1476 3326 1734 3378 Leonibus,
1767 3327 1816 3371 in
1847 3328 1972 3372 Nota
2003 3340 2049 3381 p.
2087 3339 2157 3379 14.

381 3402 438 3459 (⁴)
473 3402 594 3446 Cum
617 3402 746 3445 iuxta
769 3402 1149 3445 Constitutiones
1172 3402 1414 3455 congreg.
1446 3402 1738 3454 Mantuanae
1770 3402 1873 3448 Vic.
1894 3400 2158 3445 Generales
2186 3402 2277 3445 sal-

232 3483 333 3520 tem
364 3489 450 3531 per
472 3481 677 3530 quatuor
699 3488 864 3527 annos,
902 3480 1160 3529 postquam
1190 3474 1349 3518 officio
1371 3474 1518 3519 suncti
1540 3481 1690 3526 erant,
1712 3488 1808 3518 non
1831 3474 2074 3529 potuerint
2093 3476 2273 3524 reclivi,

232 3555 367 3605 patet
400 3550 661 3604 Baptistam
692 3561 883 3604 semper
915 3549 1018 3592 vic,
1055 3543 1345 3591 Generalem
1377 3547 1548 3591 iterum
1580 3548 1890 3592 constitutum
1922 3547 2276 3602 quamptimum

232 3625 411 3667 liceret.

384 3697 437 3753 ff)
472 3697 538 3741 Ut
569 3696 676 3740 talis
707 3696 918 3740 interfuit
948 3697 1091 3740 etiam
1125 3696 1342 3740 Concilio
1374 3695 1418 3738 V
1450 3696 1778 3738 Lateranensi.
